3158 5162
706 531 763 588 283

171 711 300 773 Historia
320 732 379 773 van
401 710 529 773 ooninck
545 711 641 773 Harel
660 712 735 772 nde
754 731 814 772 van
836 711 971 792 Elagast.

258 804 343 876 (ueta,
352 807 376 858 1.
386 791 501 857 sacoma.
509 823 533 856 v.
544 804 571 855 u.
582 805 664 857 mea.
675 823 695 856 s.
705 805 777 857 110.
786 823 810 856 v.
821 803 978 875 uommrgu.
990 804 1115 876 148841..
1125 804 1164 872 4ο.
1184 803 1299 870 uesta.

169 918 206 934 ·-·
225 907 283 949 van
305 889 445 958 Hollant,
466 909 525 948 van
546 889 669 948 Zeclaut
690 887 742 947 &a
762 889 821 946 uid.
839 886 971 947 Crouikc
988 907 1018 948 v.
1038 888 1173 950 Hellant.

169 1011 205 1024 -
226 1000 283 1041 van
304 983 457 1060 Reynaert
476 981 525 1040 die
548 981 612 1040 Vos
633 983 725 1058 (anca
745 981 877 1040 Henrieo
897 981 934 1040 de
958 981 1133 1056 Alcmaria).

322 1075 375 1124 Ter
392 1071 501 1140 Goude,
519 1073 553 1125 G.
572 1074 651 1126 Lean.
675 1073 749 1144 ¹479·
771 1074 799 1125 in
817 1072 856 1139 4⁰.
1237 1069 1300 1138 410.

168 1153 318 1217 Historiam
326 1156 378 1216 der
385 1157 427 1216 H.
434 1156 681 1236 drieconinghen.
689 1159 779 1232 (auct.
786 1156 925 1216 iohanne
932 1158 1035 1235 Epiec.
1042 1156 1251 1232 Hildeaheml.

321 1249 394 1316 Deli,
410 1248 447 1322 (J.
458 1250 573 1304 Jacobea.
589 1270 614 1304 v.
626 1251 653 1302 d.
666 1253 738 1304 Mser
749 1255 771 1302 tr
782 1252 819 1302 Μ.
831 1251 986 1322 lemanum)
1004 1251 1080 1322 1479.
1094 1252 1120 1302 in
1136 1249 1175 1316 4·.
1236 1248 1299 1316 418.

166 1361 203 1375 -
222 1334 281 1392 uid.
301 1332 416 1394 Caesar
429 1333 564 1412 (Julius).

167 1421 322 1484 Homerus.
342 1425 512 1503 Descriptio
523 1425 677 1502 Trojanae
686 1426 830 1486 historiae
841 1445 894 1504 per
902 1427 1065 1488 Homerum
1086 1428 1144 1488 uid.
1163 1425 1221 1488 Sa·

261 1516 350 1577 liceto
370 1518 421 1592 (G.
439 1518 486 1596 de)
505 1518 609 1580 ‘l'rcct
633 1521 669 1578 de
688 1519 784 1580 aalma
805 1519 949 1598 corporis.

164 1637 203 1652 -
222 1608 335 1669 Iliados
360 1608 487 1688 epitome
507 1611 567 1669 oid.
586 1609 738 1672 Pindarus
758 1611 935 1673 Thebanus.

165 1696 312 1778 Hoolkijn
332 1719 392 1762 van
412 1701 563 1762 devotion.

321 1795 493 1866 Antuerpcn,
511 1795 545 1850 G.
562 1796 643 1848 Leau.
668 1797 843 1867 1487.1114“.
1241 1793 1300 1848 180.

164 1874 265 1938 Ηο100
288 1878 325 1936 de
342 1887 465 1938 aeterna
485 1879 634 1956 sapientia
653 1881 712 1941 uid.
729 1879 938 1958 Horologium.

165 1969 326 2034 Horarium
348 1976 384 2034 B.
404 1973 520 2035 Mariae
542 1975 688 2054 Virginis.
1005 2039 1013 2052 ,

328 2069 424 2138 Autvp.
445 2069 476 2118 A.
496 2067 529 2119 tle
547 2067 665 2120 Lieavclt.
692 2067 765 2136 1495.
785 2069 813 2118 in
832 2069 870 2120 8⁰.
1239 2063 1301 2117 601.

164 2147 359 2230 Horologium
380 2162 518 2210 aeternae
527 2151 702 2228 sapientiae.
715 2153 783 2210 Aca.
794 2149 922 2210 Centum
933 2147 1142 2208 meditationes
1152 2165 1223 2224 paa-

263 2231 356 2292 sionis
373 2231 669 2290 Domini—Horae
686 2231 722 2290 de
743 2239 866 2290 aeterum
888 2229 1044 2305 sapientia.

322 2323 420 2390 atomi,
440 2324 473 2374 T.
492 2323 608 2374 Martini.
636 2322 742 2393 (1487.)
762 2324 789 2374 in
807 2323 846 2389 4⁰.
1254 2318 1299 2387 57.

164 2401 335 2464 Hostiensis
354 2407 412 2465 uid.
433 2407 646 2464 Sacramentum
668 2409 739 2479 (van
757 2407 813 2464 den
831 2401 943 2480 ewen).

164 2493 253 2574 Hugo
275 2498 311 2556 de
336 2498 429 2557 Pra'to
445 2497 577 2556 Florida.
600 2497 758 2556 Sermones
773 2495 965 2556 dominicales
975 2513 1064 2572 super
1075 2493 1221 2569 Hvangcl.

263 2597 293 2646 et
310 2589 408 2665 Epist.
430 2609 483 2665 per
505 2598 599 2647 totum
619 2609 740 2648 aunum.

324 2679 444 2746 swnnae,
463 2680 533 2752 (Joh.
553 2681 586 2732 dc
604 2680 778 2752 Vellenhcei)
801 2681 876 2746 1480.
896 2682 923 2731 in
941 2680 981 2730 1²⁰.
1236 2676 1299 2742 481.

163 2793 202 2808 -
222 2765 272 2836 (dc
294 2763 406 2825 Sancto
427 2763 518 2840 Caro)
540 2765 697 2841 Speculum
726 2764 868 2825 ecclesiae
886 2765 944 2823 uid.
967 2761 1073 2822 Butrio
1092 2761 1141 2836 (A.
1163 2759 1222 2837 da).

223 2857 383 2934 Speculum
405 2857 603 2916 sacerdotnm.

323 2949 434 3019 (Antvp.
453 2949 492 3000 Μ.
512 2947 590 3002 Goee.
615 2947 704 3020 1486.)
722 2950 749 3000 in
767 2948 806 3014 4⁰.
1241 2943 1299 2997 155.

163 3057 203 3076 -
222 3033 262 3091 cle
284 3031 406 3092 Vicum
432 3051 521 3110 snper
540 3032 593 3090 illo
609 3031 760 3092 Geneseos
783 3031 892 3109 primo:
913 3029 1058 3090 faciam
1072 3027 1221 3088 hominem

181 3150 186 3164 ·
263 3125 321 3182 uid.
339 3123 472 3184 Michael
489 3123 526 3182 de
546 3123 713 3202 Hungaria.
730 3123 897 3183 Sermones.

162 3213 322 3294 Hungaria
340 3213 486 3292 (Michael
506 3217 554 3294 de)
570 3217 629 3275 vid.
650 3215 783 3276 Michael
802 3215 839 3274 dc
858 3213 1026 3292 Hungurio.

163 3305 353 3385 Hymnariua
376 3309 434 3366 uid.
458 3307 618 3386 Expositio
634 3308 824 3386 hymnorum.

164 3397 281 3478 Hymni
295 3399 353 3459 oid.
371 3401 562 3477 Sequentiac.

163 3489 355 3570 Hymnornm
376 3492 524 3572 expositio
545 3493 605 3552 ota.
625 3491 785 3570 kaositio
805 3489 995 3568 hymnorum.

163 3581 330 3662 Hyepcnns
348 3585 479 3662 (Petrus)
499 3585 555 3644 oid.
574 3585 685 3646 Petrus
705 3583 870 3664 Hispanus.

164 3673 311 3754 Hysteric
329 3676 387 3735 oid.
404 3675 569 3738 Historiae.

164 3799 206 3813 -
224 3769 284 3829 vid.
305 3767 449 3830 Historia.

167 3968 341 4064 lmitatione
363 4002 422 4082 (de)
439 4003 555 4065 Christi
568 4015 599 4063 et
619 4003 656 4062 de
676 4013 847 4082 contemptu
867 4001 971 4062 mundi
991 4001 1049 4062 oid.
1066 3999 1182 4061 Gersou
1202 3997 1267 4075 (4.).

167 4095 345 4156 informatio
369 4095 489 4155 decute
508 4095 692 4173 predicandi.

329 4187 463 4256 (Daucntr.
484 4190 514 4242 li.
535 4189 654 4241 Pallroet.
679 4186 763 4257 14)79.
783 4190 809 4239 in
834 4189 875 4239 1²⁰.
1239 4183 1301 4236 605.
