3184 5166
690 549 727 606 27

281 732 528 806 qantlsindurtsiots
541 733 576 785 ius
586 731 616 802 Ν
632 729 740 803 pusitii
750 733 913 803 cuotipotetis
927 731 1184 790 suxilioosutnmstu.
1198 739 1275 791 Anno

282 819 462 870 statutionis
481 815 618 868 dominice.
637 815 684 868 Μ’.
693 814 724 890 Ν
741 815 831 868 .ocoo⁰.
848 813 919 868 lxxv.
937 820 1012 870 masis
1022 819 1117 890 Apsilia
1127 819 1170 872 die
1183 819 1277 892 penul.

282 905 353 954 time.
367 901 398 972 Ν
415 900 545 972 (charact.
562 898 636 972 niqr.)
651 900 781 970 Exupernt
793 913 897 952 cunctas
907 899 956 954 hec
965 903 1028 954 iuris
1038 905 1150 973 practica
1158 905 1235 958 milis.
1245 906 1276 977 Ν

283 987 340 1038 Nec
362 984 439 1036 modo
463 985 579 1036 materias
602 984 703 1034 inuenit
722 981 766 1035 illa
783 982 838 1034 tibi.
853 983 884 1053 Ν
911 983 962 1038 Sed
978 985 1058 1038 butrii
1077 986 1176 1042 firme?
1194 989 1276 1060 aliozl.

281 1065 350 1120 dicte
368 1066 481 1121 resoluit.
502 1065 534 1138 Ν
554 1067 627 1117 Hanc
648 1084 705 1118 eme
724 1067 769 1138 qui
788 1065 891 1138 reliquis
908 1066 1009 1121 doctior
1027 1087 1080 1124 esse
1098 1073 1180 1144 cupis.
1199 1073 1231 1144 Ν
1249 1073 1277 1126 si

282 1151 346 1204 mihi
364 1161 401 1204 no
415 1150 512 1204 credis:
528 1148 639 1217 doctozl.
657 1148 762 1202 consuls
777 1159 888 1222 quiqui.
899 1150 930 1222 Ν
945 1153 1063 1208 consule:
1084 1154 1125 1208 vel
1134 1159 1220 1228 potins
1230 1157 1275 1232 qni

280 1240 348 1310 sapis
365 1239 422 1310 ipse
439 1235 507 1288 sicle.
518 1235 550 1306 Ν
735 1227 737 1234 “

176 1469 233 1530 N0.
265 1470 313 1529 63.
364 1467 507 1548 (Nicolai)
534 1465 743 1528 Panormitani
775 1467 825 1545 (da
855 1469 1035 1548 'ludeschisl
1065 1469 1207 1533 Praetioa
1239 1473 1276 1534 de

137 1561 229 1621 modo
250 1561 429 1640 procedendi
454 1560 486 1620 in
513 1558 639 1636 judicio.
666 1559 703 1618 1n
729 1561 926 1622 universitate
942 1562 1138 1632 Lovaniensi.
1158 1564 1275 1626 Johan-

136 1673 192 1716 nes
218 1655 256 1713 do
285 1653 453 1714 westfalia.
482 1651 558 1712 1475
572 1654 682 1714 mensis
703 1654 781 1714 Maii
802 1653 1044 1716 diexxv111060
1063 1655 1126 1718 foll.
1146 1658 1230 1719 char.
1251 1677 1277 1720 s.

136 1748 223 1824 goth.
244 1749 263 1806 2
284 1747 351 1807 coll.
372 1749 409 1806 41
431 1746 506 1806 linn.
527 1764 553 1807 s·
570 1765 595 1806 s.
613 1765 639 1808 o.
661 1745 687 1804 ir
707 1767 756 1825 pp.
778 1767 830 1808 nn.
855 1747 888 1806 in
908 1748 959 1808 1⁴²0.

247 1889 303 1942 Fot
325 1906 335 1941 r
357 1900 436 1940 vacm.
473 1889 505 1942 F.
526 1901 554 1941 π·
568 1887 601 1943 (¹)
620 1889 713 1960 incipit
723 1890 831 1941 eximius
846 1887 891 1941 hic
902 1889 1050 1944 iudiciarios
1059 1889 1091 1962 Ν
1103 1892 1167 1946 ordo
1182 1897 1278 1948 Panor-

282 1974 394 2026 mitanns
420 1992 497 2045 quem
524 1971 590 2026 tradi
599 1973 631 2044 Ν
654 1973 692 2025 dit
717 1973 802 2047 aquila
826 1975 898 2028 iuris.
909 1975 940 2046 Ν
976 1975 1007 2028 F.
1037 1975 1084 2046 59¹
1099 1976 1148 2033 i¹l=
1175 1979 1280 2034 Presens

282 2057 380 2108 domini
399 2059 570 2109 Panormitani
592 2059 703 2130 practica
727 2056 760 2132 de
788 2057 865 2110 modo
886 2059 1044 2130 procedendi
1064 2063 1091 2112 in
1111 2063 1152 2115 iu·
1161 2062 1192 2134 Ν
1211 2062 1280 2117 dicio

283 2153 335 2194 tam
358 2143 494 2194 summarie
525 2153 550 2193 et
573 2141 605 2194 de
634 2141 712 2214 plano
730 2147 763 2214 65
773 2141 803 2214 Ν
825 2163 895 2196 mere
914 2159 926 2199 7
945 2153 978 2196 οῦ
993 2147 1102 2216 strepitu
1125 2147 1282 2200 iudicialiei

282 2224 358 2278 onibs
367 2223 397 2294 Ν
415 2225 494 2275 ferme
512 2226 589 2276 curiis
604 2223 732 2278 obseruari
750 2239 845 2277 ssueta.
863 2229 946 2279 extitit
957 2227 989 2298 Ν
1000 2249 1020 2300 p
1039 2227 1181 2283 Johsnede
1197 2244 1282 2284 vvest·

283 2306 343 2360 falia
357 2307 517 2359 Pederborne
526 2307 556 2378 Ν
575 2309 608 2359 sis
617 2307 717 2380 dyoces'
733 2308 910 2360 sloreussima
922 2311 1063 2363 uniuersita
1069 2313 1100 2384 Ν
1113 2327 1137 2365 te
1147 2315 1281 2367 Loumiui

283 2391 399 2444 isidets:
425 2401 460 2443 no
483 2389 580 2444 fluuiali
608 2409 636 2444 ca
654 2391 685 2462 Ν
703 2391 770 2444 lamo
789 2391 833 2444 sed
865 2405 918 2446 arte
943 2393 1027 2466 quadi
1049 2398 1241 2450 caracterissndi
1249 2397 1281 2469 Ν

283 2475 478 2528 modernissimu
494 2489 603 2548 peracte
619 2475 662 2528 dei
680 2473 794 2528 subsidio
802 2477 834 2550 Ν
852 2491 1034 2530 consummata.
1066 2479 1142 2558 Anno
1161 2484 1281 2534 incarna-

283 2561 360 2612 tionis
369 2559 400 2631 Ν
415 2559 553 2612 dominice.
572 2561 611 2612 M.
630 2576 700 2612 cccc.
716 2559 785 2612 lxxv.
797 2563 890 2614 mensis
899 2560 930 2634 Ν
942 2563 992 2614 mni
1005 2560 1047 2616 die
1057 2565 1147 2616 xxviii.
1161 2565 1195 2616 λ.
1210 2567 1240 2618 .f.
1250 2564 1282 2636 Ν

284 2645 317 2696 F.
338 2641 387 2714 59¹³
404 2647 425 2696 iz
443 2644 478 2697 60
494 2643 572 2718 (quod
588 2643 631 2696 ult.
646 2645 723 2717 deist)
742 2657 839 2697 vacant.

179 2865 236 2924 Na
259 2865 308 2924 64.
347 2863 521 2924 Aristotelis
550 2862 627 2922 libor
651 2864 687 2922 do
707 2863 855 2933 moribus,
880 2881 934 2941 per
954 2865 1048 2925 Leon.
1065 2865 1225 2926 Aretinum
1242 2866 1279 2928 de

138 2976 250 3036 graeco
268 2958 302 3016 in
327 2956 455 3015 latinum
474 2957 648 3015 translatus.
669 2955 706 3014 In
718 2956 913 3016 universitate
927 2955 1125 3029 Insaniensi,
1145 2958 1279 3021 loannes

141 3049 180 3108 de
200 3050 369 3110 ttfsstfslia.
391 3047 483 3117 1475,
503 3049 540 3105 10
558 3047 586 3106 d.
607 3065 647 3106 m.
667 3047 764 3108 «lunii.
783 3049 805 3107 8
825 3049 887 3108 foll.
907 3049 990 3108 char.
1010 3065 1037 3110 s.
1059 3051 1279 3129 goth.1nin.·l.⁰

139 3143 217 3202 linn.
236 3143 260 3201 l.
279 3161 304 3203 s.
325 3161 351 3202 s.
370 3159 399 3200 o.
419 3139 446 3198 fr
465 3159 515 3218 pp.
536 3157 588 3198 nn.
607 3139 639 3198 in
658 3140 709 3198 Fe.

249 3283 306 3337 Fol.
329 3297 354 3335 ιΙ
366 3305 372 3335 2
393 3283 519 3336 Leonsrtli
533 3285 622 3336 aretini
632 3285 659 3334 in
668 3283 747 3335 libros
756 3282 862 3336 morales
877 3282 1020 3336 Aristotelis
1031 3287 1196 3356 ysagogienm
1208 3281 1241 3338 sd
1249 3285 1281 3357 Ν

285 3367 421 3422 ostentum
438 3366 545 3418 feliciter
568 3369 669 3438 incipit.
686 3365 716 3438 Ν
741 3368 773 3419 F.
796 3368 824 3419 8Ι
840 3366 883 3418 tin.
907 3383 954 3418 nt:
973 3367 1041 3418 Laus
1058 3367 1117 3420 deo.
1128 3367 1160 3438 Ν
1174 3370 1281 3422 Prascns

283 3452 349 3504 liber
362 3449 506 3503 Aristotelis
516 3449 550 3502 de
564 3452 677 3502 moribus
688 3451 720 3502 ad
733 3450 868 3502 Eudemiu.
883 3467 931 3520 per
943 3451 995 3502 Leo
1004 3448 1035 3522 Ν
1048 3451 1156 3503 nardum
1178 3453 1281 3504 aretino

284 3535 317 3588 de
332 3551 409 3605 greco
433 3535 460 3586 in
481 3533 562 3586 tauns
589 3533 733 3586 uanslatus.
763 3535 848 3585 extitit
869 3551 889 3604 p
912 3535 1039 3586 loannem
1047 3533 1078 3606 Ν
1092 3535 1125 3586 (le
1136 3534 1280 3588 westfalia:

284 3621 313 3671 in
335 3619 513 3671 florentissima
537 3621 702 3672 uniuersitate
728 3618 849 3670 lonanieil
882 3617 1045 3672 residentem.
1067 3619 1098 3692 Ν
1122 3629 1157 3672 ηδ
1184 3619 1282 3674 nundi

286 3701 382 3754 mismo
397 3701 441 3754 sed
453 3713 509 3754 erte
526 3701 608 3772 quade
630 3701 823 3754 caracterizandi
843 3701 1033 3756 modemissima
1042 3701 1073 3774 Ν
1092 3703 1201 3756 feliciter
1217 3722 1283 3756 oon-

285 3797 437 3840 summates.
465 3785 542 3838 Anno
568 3784 666 3838 domini
693 3787 744 3838 Mu
770 3787 851 3838 ccco‘.
870 3785 953 3839 lxxv0.
977 3785 1075 3840 decima
1081 3787 1112 3858 Ν
1128 3787 1171 3840 die
1189 3789 1282 3842 mensis

285 3872 366 3924 lunii.
377 3871 408 3941 Ν
426 3872 458 3924 F.
477 3864 508 3924 8b
527 3883 609 3924 vacat.

183 4119 240 4178 N0.
261 4117 310 4177 65.
349 4116 517 4176 Justiniani
545 4116 776 4178 Institutionum
806 4117 878 4178 libri
906 4117 970 4190 IV,
1000 4135 1068 4180 cum
1094 4119 1212 4197 glossis.
1243 4119 1282 4180 In

143 4211 342 4274 universitate
358 4208 554 4281 Lovaniensi‚
576 4207 708 4270 loannes
728 4209 966 4271 tlsPaderborns
982 4209 1014 4270 in
1024 4210 1192 4272 westfalia.
1205 4211 1282 4272 1475
