3184 5166
345 1301 396 1392 L.
436 1299 481 1392 S.

189 1703 231 1766 In
249 1701 332 1768 libris
351 1699 409 1768 hoc
426 1699 572 1787 Catalogo
593 1700 752 1788 descriptis
770 1721 832 1765 non
845 1700 934 1765 multi
945 1701 1276 1788 quidem-inveniuntur

141 1823 195 1908 qui
215 1823 339 1910 peregre
361 1821 498 1910 impressi
521 1825 605 1899 sunt,
628 1826 660 1885 at
685 1819 807 1885 illonnn
827 1825 933 1886 contra
957 1823 1009 1908 qui
1034 1845 1071 1888 ex
1095 1821 1186 1910 prelis
1206 1823 1277 1890 Bel-

142 1943 223 2028 gicis
241 1941 418 2030 prodierunt
437 1963 547 2029 magna
570 1945 616 2007 est
636 1941 730 2029 eopia
762 1939 812 2006 le
831 1940 949 2007 levibus
968 1949 1069 2007 tamen
1081 1943 1277 2009 incrementis

142 2061 256 2127 sensim
276 2069 382 2126 auctus
405 2060 443 2126 ad
465 2059 544 2125 hanc
564 2059 794 2147 amplitudinem
809 2057 955 2126 librorum
975 2083 1118 2144 numerus
1133 2065 1277 2150 pervenit.

143 2179 176 2244 N
176 2201 286 2264 amque
293 2179 328 2243 in
339 2175 531 2243 Bibliotheca
540 2176 692 2266 Principis
700 2178 874 2256 Amneni,
887 2201 977 2265 quae,
988 2203 1082 2267 quum
1094 2203 1174 2247 anuo
1188 2185 1278 2250 1798

11 2349 12 2400 p
142 2298 334 2364 Bibliotheca
352 2297 473 2386 publiea
492 2298 736 2376 constitueretur,
758 2295 849 2383 hujus
869 2299 1011 2385 primaria
1027 2321 1095 2387 pers
1114 2301 1188 2380 luit,
1201 2326 1276 2367 uon-

11 2411 12 2414 '
144 2418 227 2484 nulla
253 2423 374 2483 tantum
403 2415 588 2482 incunabula
618 2415 750 2482 ederam
798 2415 895 2480 Initio
921 2417 1001 2481 enim
1026 2418 1138 2504 exigua
1160 2419 1278 2486 Biblio-

147 2533 245 2603 thecae
261 2536 395 2603 Batavae
411 2557 553 2602 concessa
575 2535 704 2623 pecunia
727 2541 762 2600 ut
780 2533 841 2600 reri
860 2555 973 2621 magno
991 2535 1087 2622 pretio
1106 2535 1177 2600 libri
1198 2561 1277 2604 eme-

145 2663 245 2722 rentur
283 2655 407 2720 minime
440 2653 562 2720 serebat
618 2653 783 2740 Postquam
822 2675 892 2720 vero
923 2652 1069 2742 Princeps
1102 2653 1278 2724 Ludovicus

143 2775 305 2864 Napoleon
336 2797 464 2862 reguum
499 2773 625 2861 adeptus
647 2779 725 2840 esset
746 2779 777 2840 et
795 2771 987 2840 Bibliotheca
1006 2771 1139 2853 Batava,
1161 2785 1277 2843 mutato

140 2896 265 2961 nomine
294 2893 394 2980 Regia
422 2891 521 2971 dicta,
554 2891 683 2980 amplior
708 2893 836 2979 pecunie
858 2891 945 2958 libris
968 2891 1103 2958 emendis
1127 2893 1278 2963 destinata

140 3021 202 3093 est,
220 3035 283 3100 quo
305 3013 419 3078 factum
439 3017 475 3078 nt
495 3010 642 3078 librorum
663 3009 855 3076 collectiones
875 3033 893 3076 a
911 3011 1037 3098 privatis
1059 3011 1182 3079 relictae
1197 3021 1277 3082 totae

139 3138 262 3221 poment
285 3131 416 3218 acquiri,
448 3154 494 3197 ex.
518 3153 563 3219 gr.
592 3129 793 3198 bibliothocae
820 3129 891 3196 Viri
918 3129 1095 3218 amplissimi
1115 3131 1146 3196 J.
1165 3133 1275 3200 Rarus-

140 3251 285 3331 rrinclrel‚
308 3250 456 3338 Lugduni
479 3249 674 3330 Batavorum,
699 3271 779 3316 anno
808 3253 897 3315 1808
917 3255 948 3316 et
972 3249 1042 3314 Viri
1058 3249 1275 3319 consultissimi

140 3371 171 3436 J.
190 3369 309 3448 viceor,
330 3366 621 3454 flagae-Comitum,
644 3389 724 3434 anno
749 3369 853 3446 1810;
877 3387 1004 3453 quarum
1027 3373 1171 3453 utruque,
1189 3392 1275 3456 prae-

139 3495 228 3582 cipue
255 3515 327 3562 vero
358 3491 548 3569 Visseriana,
573 3511 716 3578 magnum
735 3487 881 3554 librorum
904 3486 1023 3554 saeculo
1047 3485 1126 3552 XV⁰
1149 3489 1274 3577 impres-

139 3636 241 3680 sorum
263 3635 422 3679 numerum
445 3611 626 3678 continebat
675 3611 783 3697 Neque
803 3609 884 3674 domi
904 3608 1273 3678 tantumsedforisetiam

137 3731 302 3798 rarioribus
328 3730 414 3796 libris
447 3731 583 3796 emendis
609 3753 721 3817 magna
746 3729 899 3794 interdum
920 3729 1047 3816 peouma
1067 3752 1198 3818 expensa
1217 3743 1273 3814 est,

138 3874 208 3918 eum
235 3848 437 3916 venderentur
464 3847 664 3914 bibliothecae
692 3847 962 3935 locupletissimae,
985 3870 1031 3912 ex.
1056 3871 1101 3933 gr.
1128 3847 1273 3918 Virorum

137 3969 412 4039 eruditissimorum
432 3971 469 4036 G.
487 3971 516 4035 J.
538 3970 575 4036 de
599 3971 733 4046 semeis,
754 3969 1044 4048 Mechliniae,anno
1059 3971 1273 4048 1808,c.1)0

137 4091 185 4156 lna
203 4091 299 4154 Seruo
313 4088 497 4168 Santander,
515 4089 655 4168 Parisiis,
667 4109 746 4154 euno
762 4092 866 4164 1809,
882 4086 1274 4177 Heideggcriana‚'l'iguri,

137 4233 218 4276 armo
244 4211 347 4286 1810;
379 4231 438 4293 quo
461 4209 572 4274 facturn
595 4213 640 4275 est
665 4215 699 4274 ut
722 4207 911 4274 Bibliotheca
932 4207 1030 4293 Regia
1048 4206 1164 4293 insigni
1186 4209 1272 4278 incu-
