3184 5166
1222 575 1266 616 XV

136 736 377 802 emendationum
395 735 497 814 series,
515 755 606 820 quam
626 734 707 820 operi
724 734 787 820 ipse
811 733 923 799 addidi.
955 736 987 800 si
1001 757 1076 822 quos
1091 734 1144 799 alii
1157 755 1268 799 errores

134 857 289 920 inveniant
308 861 339 920 et
362 851 436 919 mihi
454 852 589 917 indicare
612 851 709 918 velint
728 857 847 938 gratum
871 855 991 920 facient.
1022 855 1068 920 Ut
1086 859 1122 920 ut
1138 861 1196 931 est,
1211 853 1268 918 hoc

132 973 207 1038 milri
227 974 411 1040 concedatur
433 972 566 1060 profiteri
587 970 669 1037 hunc
691 970 803 1037 librum
827 973 958 1040 fructum
983 997 1046 1040 esse
1067 973 1175 1050 studii,
1187 971 1268 1058 quod

132 1100 275 1181 perpetuo
302 1091 377 1157 mihi
404 1113 590 1176 summopere
621 1090 704 1154 cordi
739 1091 813 1168 suit,
844 1092 1020 1179 perplures
1048 1114 1139 1179 quom
1158 1089 1268 1176 viginti

132 1235 228 1278 annos
252 1211 431 1276 continuati.

178 1331 437 1398 Incunabulorum
462 1328 686 1406 collectionem,
709 1350 785 1414 quae
814 1351 883 1393 cum
903 1329 942 1393 ad
966 1327 1187 1394 Bibliothecam
1208 1327 1269 1392 lie-

132 1453 215 1537 giam
243 1449 430 1525 accederem,
451 1449 515 1532 jem
542 1451 606 1511 erat
626 1445 757 1532 insignis
777 1469 886 1534 augere
905 1447 1010 1512 studui
1030 1453 1176 1534 quantum
1197 1467 1270 1510 oon-

133 1591 218 1634 cessa
247 1565 374 1654 pecunia
399 1563 584 1652 patiebatur,
610 1563 643 1628 id
667 1587 783 1652 semper
802 1587 911 1631 cavens
934 1589 973 1632 ue
991 1565 1059 1631 aliis
1074 1565 1174 1644 libris,
1193 1587 1270 1650 quoa

134 1709 208 1751 usus
231 1685 417 1774 postulabat,
441 1685 575 1750 emendis
595 1685 722 1772 pecunia
746 1685 978 1754 subtraheretur.
1026 1687 1135 1774 Neque
1154 1686 1271 1752 infelici

134 1805 193 1870 hoc
212 1804 262 1890 egi
284 1825 432 1870 successu.
480 1803 621 1889 Namque
643 1805 676 1868 id
696 1827 778 1870 nuno
798 1812 954 1872 assecutus
971 1829 1039 1871 sum
1054 1805 1273 1892 etquicunque

136 1925 221 2002 velit,
246 1923 429 1989 luculentam
452 1945 633 2008 cognoscere
653 1925 750 2010 possit
768 1947 858 2010 quam
878 1923 1069 1990 Bibliotheca
1085 1923 1184 2010 Regia
1200 1945 1272 1988 oon-

137 2043 213 2108 tinet
232 2041 350 2128 copiam
370 2063 472 2106 eorum
492 2040 649 2120 librorum,
671 2043 725 2128 qui
744 2043 956 2130 manuscriptis
973 2041 1195 2130 suntproximi.
1226 2040 1270 2104 Hi

138 2184 205 2227 cum
228 2165 322 2226 testes
342 2167 414 2226 sunt
436 2183 591 2248 quousque
610 2167 688 2227 artes
708 2168 739 2228 et
757 2161 862 2228 literae
885 2161 986 2228 medio
1008 2183 1082 2228 aevo
1100 2182 1273 2248 progressae

138 2279 263 2357 fuerint,
282 2279 453 2343 tumetium
472 2284 667 2344 monumenta
685 2277 834 2344 habentur
852 2302 930 2366 quae
941 2279 1089 2365 originem
1101 2279 1174 2344 artis
1185 2283 1273 2366 typo·

143 2397 298 2486 graphicac
323 2403 354 2462 et
376 2420 567 2485 progressum
585 2398 737 2478 indicant,
756 2399 906 2486 simulque
925 2399 1089 2465 ostendunt
1106 2398 1159 2485 qui
1183 2398 1272 2486 primi

146 2517 250 2584 suerint
276 2515 471 2604 typographi,
498 2517 667 2605 quibusque
686 2518 720 2583 in
738 2519 826 2584 terris
847 2526 878 2584 et
901 2517 978 2583 locis
995 2517 1126 2605 primum
1145 2516 1203 2582 arti
1226 2515 1273 2580 illi

145 2659 256 2724 operam
276 2636 428 2715 dederint,
446 2637 587 2724 quodque
605 2639 639 2703 iu
658 2661 713 2703 sue
732 2644 796 2704 arte
815 2639 943 2724 quisque
962 2634 1159 2725 praestiterim
1182 2657 1272 2721 quam

141 2755 176 2820 ob
194 2778 259 2822 rem
277 2754 348 2821 libri
372 2755 432 2832 illi,
455 2757 531 2821 arei
553 2756 702 2822 literariae
721 2756 864 2822 studiosis
884 2754 972 2822 aride
983 2753 1274 2842 perquisiti,magno

139 2877 234 2963 pretio
265 2880 476 2962 comparantur
503 2881 534 2942 et
557 2899 648 2962 quare
671 2899 732 2942 uon
753 2876 843 2942 facile
862 2875 997 2942 futurum
1017 2895 1081 2940 esse
1095 2872 1215 2940 ridetur
1238 2879 1274 2938 ut

139 3015 170 3058 ιιι
188 2989 443 3082 splendidissimis
466 3017 644 3081 magnarum
660 2994 914 3063 bibliothecarum
937 2992 1122 3060 ornamentis
1141 3014 1273 3078 unquam

140 3113 280 3178 desinant
298 3111 420 3176 censeri.
