3114 5148
864 529 921 591 516

325 715 410 798 Bury
430 715 530 796 (Riolr.
550 715 609 792 111).
636 712 840 776 Plrilobiblion
865 714 930 776 sira
950 713 987 775 de
1007 733 1108 776 amore
1124 712 1280 778 librorum.

485 807 632 874 Parrhiaiis,
651 807 684 860 G.
702 805 848 879 Philippus.
872 807 948 860 1500.
971 807 1055 875 1114“.
1331 805 1379 860 N'.
1397 805 1455 876 639·

325 891 490 955 Bussulrius
514 891 738 970 (Burmannus).
767 889 896 952 Carmen
921 891 962 952 ad
987 891 1090 952 divam
1111 891 1151 953 V.
1172 891 1304 954 Mariam
1322 892 1382 954 uid·

426 984 559 1046 Mielrael
578 983 615 1045 de
630 981 798 1062 Huugaria.
818 982 975 1046 Sermones
990 985 1085 1044 XIII.

328 1211 443 1311 Caesar
467 1245 620 1323 (0.111).
641 1243 857 1306 commentarii
885 1245 922 1306 de
949 1247 1027 1308 ballo
1052 1245 1172 1308 Galliae
1197 1255 1228 1308 at
1247 1245 1284 1306 de
1304 1243 1386 1305 bello

426 1337 523 1408 civili,
541 1355 608 1398 oum
628 1335 724 1397 Hirtii
738 1335 948 1415 Supplemeuto
970 1341 998 1416 (a
1007 1358 1121 1400 reeens.
1131 1341 1169 1399 P.
1177 1338 1211 1400 J.
1222 1337 1386 1417 Philalplri)

426 1447 453 1490 a.
473 1429 573 1490 iudice
592 1429 631 1488 R.
655 1428 810 1489 Marliani.

486 1519 641 1584 Mediolani,
661 1517 708 1572 Ph.
729 1520 865 1591 lavagnia.
889 1520 1010 1590 1478111
1028 1522 1069 1575 P.
1399 1516 1454 1584 541.

327 1615 501 1686 Caesarius,
521 1617 684 1678 monachus
704 1613 831 1677 Cistero.
861 1617 1007 1696 Dialogus
1028 1616 1251 1678 miraculorum.

487 1706 627 1773 Coloniae,
647 1706 708 1760 Joh.
728 1706 859 1760 Koellrolf.
885 1709 962 1775 1481.
974 1709 1007 1760 'in
1031 1711 1073 1762 F0.
1406 1703 1456 1772 184.

329 1791 505 1856 calderinus
531 1791 716 1870 (Domitius).
741 1790 956 1852 commentarii
975 1793 1006 1854 in
1028 1801 1146 1874 satyras
1165 1790 1339 1858 luvenalis,
1357 1807 1385 1851 e.

427 1883 593 1944 defensioue
620 1883 898 1944 commentariorum
922 1885 1074 1946 Martialis
1094 1893 1125 1944 et
1143 1882 1387 1946 reerimioatioue

426 1977 571 2039 adversus
591 1977 765 2037 Brotheum.

487 2069 628 2140 (Veneriis,
649 2069 680 2120 Δ.
699 2069 825 2120 Moretur.
851 2065 942 2140 1491.)
961 2069 987 2120 iu
1006 2069 1047 2122 E.
1402 2065 1455 2132 834.

387 2151 601 2214 Commentarii
619 2151 652 2210 iu
673 2151 774 2230 sylvas
792 2149 893 2212 Statii.

488 2250 624 2322 (venero,
645 2249 733 2322 1480.)
752 2251 780 2302 in
797 2251 838 2302 1ο.
1400 2247 1454 2315 ⁵³7·

388 2331 527 2412 Epistola
550 2331 741 2394 &Defensio
770 2333 830 2394 oid.
858 2331 1011 2394 Martialis
1035 2333 1092 2412 (Μ.
1116 2329 1280 2408 Valerius).
1307 2331 1388 2410 Epi·

428 2433 606 2505 grammata.

392 2515 431 2576 In
460 2517 561 2595 Sepho
591 2515 695 2576 Ovidii
727 2521 758 2576 et
784 2516 930 2594 quaedam
958 2515 1131 2577 obscuriora
1150 2513 1304 2595 Propertii
1318 2515 1389 2577 loea

427 2607 650 2670 Commentario
669 2611 728 2669 oid.
748 2607 865 2671 Statius
882 2609 983 2688 (Publ.
1002 2609 1101 2688 Pap).

389 2700 449 2761 eid.
469 2699 620 2761 Martialis
638 2699 694 2778 (Μ.
715 2697 780 2776 V.).

389 2791 449 2852 uid.
469 2790 595 2853 Ovidius
616 2793 676 2870 (Ρ.)
695 2791 792 2851 Naso.

390 2883 449 2943 uid.
470 2882 616 2964 Virgilius
637 2884 696 2960 (Ρ.)
717 2887 817 2944 Maro.

330 2971 533 3036 Callimachus
559 2973 741 3054 Cyrenaeus.
772 2975 899 3054 Hymni,
926 2995 946 3036 a
971 2973 1087 3037 Jaoobo
1104 2973 1215 3037 crucio
1234 2973 1388 3038 latinitate

430 3067 545 3128 donati.
565 3069 633 3128 Aoo.
653 3066 882 3147 Epigrammata
903 3065 957 3128 81.

491 3157 656 3230 (Mediolani,
683 3158 772 3230 1480.)
793 3161 820 3210 ro
841 3159 878 3226 4⁰.
1407 3155 1458 3226 sto

331 3253 495 3316 cambanis
513 3253 637 3330 (Vitalis
655 3253 714 3333 de).
732 3256 896 3317 'I'ruotatue
916 3255 1129 3316 clausularum.

490 3347 622 3414 Veneriis,
642 3344 691 3398 Ph.
712 3348 826 3399 Pinuiua.
846 3347 922 3416 1498.
941 3349 970 3400 in
987 3347 1028 3400 F‘.

333 3427 459 3490 Camers
479 3427 655 3507 (Guarinus)
672 3431 731 3490 oid.
752 3431 926 3492 Thesaurus
946 3428 1152 3510 eoruueopiae.

333 3519 506 3600 Campanus
526 3519 608 3598 (Joh.
628 3522 724 3600 Α1ι1.)
753 3523 854 3600 Opere
874 3522 984 3583 omnia.

492 3613 606 3680 Romae,
623 3613 710 3667 Euch.
729 3613 822 3668 Silbar.
845 3615 922 3684 1495.
939 3615 968 3666 in
984 3613 1025 3666 Γ.

392 3709 624 3771 1111111111.

333 3801 456 3880 Campis
476 3801 566 3876 (Lod.
582 3801 630 3878 det
649 3802 708 3861 oid.
725 3802 883 3862 Montalvo
903 3801 1057 3878 (Aliorsus
1074 3800 1151 3862 Diae
1169 3799 1228 3876 de).

333 3893 488 3956 Candidus
507 3894 701 3954 Deoombrius
718 3895 778 3972 (Ρ.)
793 3897 852 3954 eiu.
869 3895 1037 3972 Appianas.

331 3986 471 4048 Oenones
491 3985 717 4066 poenitentiales
740 3993 819 4046 extr.
847 3987 884 4047 da
908 3987 1033 4047 Summa
1048 3986 1151 4048 fratris
1168 3983 1308 4046 Asteusis
1329 3985 1387 4044 uid.

267 4154 275 4166 .
430 4079 545 4139 Ausmo
566 4078 647 4154 (Nlo.
668 4077 726 4154 de).

332 4171 571 4251 Cautiprataueie
589 4169 744 4249 (Thomas)
765 4173 823 4232 oid.
843 4171 976 4233 Thomas
998 4167 1247 4249 Cautipratensis.
