3184 5166
1247 547 1292 592 vn
1333 595 1335 600 ,

151 701 294 786 quoniam
318 700 352 766 in
371 698 579 767 Bibliothecae
603 699 718 788 Regiae
742 701 889 792 Catalogo
911 704 1073 772 universali
1093 727 1165 771 suus
1181 707 1290 794 cuique

150 821 229 886 libro
248 821 334 886 locus
359 822 448 886 datus
469 825 514 885 ast
533 821 565 884 iu
586 842 621 884 eo
639 841 764 906 genere,
780 821 817 886 ad
830 822 912 908 quod
924 824 1074 910 pertinere
1086 825 1289 904 existimatum

149 940 215 1018 sed,
238 941 355 1006 ratione
375 939 479 1005 habita
501 937 644 1004 historiae
661 937 913 1027 typographicae,
933 943 1074 1028 praetuli,
1093 941 1150 1008 hac
1165 943 1288 1029 quidem

149 1061 181 1123 iu
201 1083 247 1139 re,
262 1058 391 1124 Panneri
410 1060 550 1124 Annales
564 1063 701 1136 secutus,
717 1057 836 1124 diversa
848 1060 982 1146 ejusdem
994 1061 1173 1150 typographi
1187 1085 1289 1149 opera,

147 1179 212 1243 sive
245 1176 426 1266 typographi
455 1199 579 1255 nomen,
604 1199 674 1241 cum
693 1177 901 1263 impressionis
920 1178 987 1243 loco
1004 1186 1034 1245 et
1049 1203 1129 1246 auno
1148 1180 1287 1245 additum

146 1298 188 1362 sit
216 1299 280 1363 sive
306 1297 400 1375 absit,
423 1296 530 1362 ordine
554 1293 770 1380 chronologico
792 1315 854 1359 uno
878 1302 981 1362 tenore
1005 1299 1156 1386 persequi,
1176 1299 1287 1366 deinde

145 1437 392 1502 unumquemque
415 1411 638 1502 typographum
660 1411 769 1478 referre
798 1412 855 1478 sub
879 1415 984 1502 oppidi
1010 1417 1146 1494 nomine,
1168 1417 1202 1482 in
1225 1439 1287 1504 quo

143 1535 206 1600 arti
239 1557 454 1622 susceperam
485 1533 578 1597 dedit.
624 1532 664 1596 In
695 1531 815 1619 oppidis
832 1537 932 1596 autem
969 1535 1179 1600 enumerandis
1206 1533 1286 1601 hauc

144 1660 269 1720 woutus
286 1677 353 1720 sum
368 1655 528 1730 rationem,
544 1656 579 1716 ut
593 1651 805 1738 quodcumque
817 1652 891 1716 artis
902 1651 1135 1741 typographicae
1147 1654 1286 1742 operibus

145 1775 233 1860 prius
256 1773 462 1851 inclaruisset,
485 1771 602 1856 reliqua
625 1770 731 1835 ordine
755 1770 950 1838 antecederet.

191 1891 330 1956 Primum
356 1892 459 1977 itaque
478 1891 578 1955 loeum
604 1888 722 1954 obtinet
745 1889 817 1955 urbs
838 1890 1033 1971 Harlemum,
1056 1892 1089 1956 in
1113 1913 1173 1978 qua
1195 1891 1286 1974 urbe,

142 2017 275 2076 testante
298 2009 457 2076 Hadriano
482 2009 593 2088 Juuio,
617 2031 665 2074 ars
688 2007 853 2074 mobilibus
874 2013 955 2098 typis
975 2009 1068 2076 libros
1092 2011 1284 2098 imprimendi

144 2132 278 2218 primum
301 2131 425 2197 inventa
445 2151 508 2196 esse
527 2129 660 2194 traditur
683 2129 880 2194 aLaurentio
893 2130 1019 2196 Costero
1030 2130 1052 2193 J
1053 2133 1102 2196 ani
1115 2131 1191 2212 filio;
1203 2131 1286 2218 quod

143 2247 353 2314 testimonium
373 2247 459 2314 novis
483 2245 670 2333 argumentis
694 2245 846 2312 adstruxit
865 2253 896 2313 et
914 2249 1083 2314 vindicavit
1102 2249 1161 2314 Vir
1184 2249 1285 2316 crudi-

143 2370 281 2434 tissimus
308 2372 338 2433 et
365 2368 495 2432 maxime
523 2365 711 2432 venerandus
734 2368 772 2430 A.
796 2367 834 2431 de
854 2367 960 2446 Vries,
984 2367 1068 2433 edito
1091 2391 1180 2455 opere
1202 2367 1284 2456 quod

147 2486 396 2574 Franco-gallice,
403 2487 493 2554 vertit
501 2485 560 2550 Vir
568 2485 790 2550 eruditissimus
799 2484 828 2549 J.
837 2484 866 2550 J.
875 2485 909 2550 F.
917 2485 1171 2564 Noorduick,suh
1178 2487 1284 2552 titulo:

6 2675 16 2690 ,
151 2608 448 2672 aeEclaircicsemem
471 2628 525 2670 erar
544 2603 693 2668 tttstoire
704 2605 742 2668 de
754 2603 931 2669 tinemuta
944 2605 981 2668 de
994 2602 1208 2690 imprimeris.
1234 2605 1285 2669 ua

145 2725 246 2812 Haye,
270 2727 370 2789 1843.
398 2727 433 2791 ia
458 2727 501 2790 8⁰.
509 2721 526 2748 ”
572 2723 643 2794 Quo
666 2721 744 2788 libro
764 2724 902 2810 cognito,
921 2721 1035 2788 Classis
1047 2724 1178 2789 secunda
1190 2723 1284 2788 Iusti·

142 2845 203 2908 tuti
228 2843 322 2930 Regii
351 2841 472 2930 Belgici
498 2843 617 2908 censuit
643 2870 660 2903 u
674 2843 882 2929 quaestionem
903 2842 940 2908 de
960 2843 1079 2928 origine
1102 2843 1176 2907 artis
1195 2847 1283 2930 typo

6 3035 7 3042 ἵ
141 2961 305 3050 gnaphicae
329 2962 448 3049 proprie
480 2959 524 3026 sie
547 2959 662 3039 dictae,
685 2961 719 3026 in
734 2958 795 3026 hoc
818 2984 906 3048 opere
926 2983 1042 3026 summa
1063 2960 1223 3046 diligentia
1245 2961 1284 3026 ab

141 3083 263 3167 integro
276 3081 442 3168 expositam
455 3083 499 3158 et,
511 3080 678 3144 secundum
689 3079 869 3145 novissimas
881 3079 940 3144 hac
952 3079 990 3145 de
1001 3101 1033 3144 re
1043 3077 1284 3164 disquisitiones,

142 3199 218 3264 adeo
247 3199 418 3264 luculenter
440 3221 504 3264 esse
528 3194 674 3278 solutam,
693 3203 729 3263 ut
747 3197 851 3264 nullus
874 3197 1058 3286 dubitationi
1081 3195 1167 3262 loeus
1189 3197 1281 3263 relin-

142 3316 312 3404 queretur”
336 3317 381 3404 ὕ).

190 3435 256 3501 Sub
279 3436 413 3501 numeris
441 3438 553 3501 1-13
574 3440 605 3501 et
623 3456 712 3523 porro
733 3437 915 3502 556-577
928 3434 1059 3500 iudicati
1070 3439 1142 3498 suut
1152 3433 1281 3520 triginta

139 3555 278 3640 quinque
301 3551 372 3618 libri
391 3552 441 3618 vel
464 3551 610 3617 librorum
629 3553 814 3640 fragmenta,
834 3551 946 3638 absque
970 3549 1152 3638 typographi
1170 3551 1231 3616 loci
1250 3559 1281 3620 et

139 3659 216 3752 anui
235 3658 362 3738 indicio;
385 3659 420 3724 in
442 3657 491 3723 his
512 3656 589 3724 duae
612 3659 762 3725 editiones
781 3658 893 3725 latinae
913 3657 1035 3746 Speculi
1051 3657 1201 3724 humanae
1219 3658 1279 3724 sal-

136 3814 595 3837 ——d———n-—a-——n

175 3925 199 3994 ⁸)
224 3923 412 3977 Conseruntur:
441 3925 592 3997 Argumenta
621 3921 662 3974 des
685 3921 832 3976 Alternunds
852 3939 883 3974 en
897 3919 993 3992 favens·
1016 3921 1048 3974 de
1068 3919 1124 3972 leur
1139 3923 1278 3994 prdterrtion

141 4005 193 4058 ‹¹ss
194 4007 321 4058 invention
344 4007 375 4058 de
397 4005 579 4079 l'imprimcrie‚
600 4025 649 4078 par
670 4006 706 4058 A.
727 4007 759 4059 de
787 4007 871 4070 Vrt'e35
896 4007 988 4060 nadair
1010 4007 1044 4059 du
1067 4006 1215 4060 Hellandais
1229 3999 1287 4082 par*

137 4091 164 4142 J.
187 4091 215 4142 J.
243 4093 275 4143 F.
296 4090 445 4144 Noordziel.
477 4093 513 4143 La
540 4091 628 4159 dictys,
657 4089 730 4156 1845.
755 4092 777 4142 in
803 4091 839 4142 8⁰,
870 4103 895 4142 et
922 4090 957 4142 ibi
979 4091 1087 4161 Prssfoce
1104 4093 1135 4143 de
1157 4091 1277 4158 dautem,

136 4194 197 4248 pap.
218 4173 324 4226 XXIII.
