3184 5166
296 575 353 618 xlv

341 733 486 800 Rationes
505 734 613 800 addere
629 733 777 820 potuerim
801 753 892 818 quare
916 755 1004 797 suum
1025 733 1132 818 cuique
1152 735 1251 799 locum
1276 735 1361 800 libris
1374 736 1425 800 dc-

294 856 436 919 creverim
452 855 500 921 vel
523 853 633 940 quibus
652 852 795 918 inductus
814 852 871 916 sim
892 857 926 915 ut
950 849 1012 916 hac·
1025 853 1058 916 in
1076 875 1108 916 re
1132 852 1169 918 ab
1189 853 1257 919 aliis
1276 853 1425 919 differrem

294 970 525 1059 bibliographis‚
545 972 570 1038 si
590 991 679 1057 quem
695 970 771 1035 sorte
784 969 836 1034 alii
849 967 1037 1056 typographo
1049 969 1257 1050 attribuerint3
1270 971 1317 1036 vel
1329 971 1427 1035 titulis

294 1090 471 1178 adspergere
498 1096 585 1155 notas
613 1089 650 1154 de
674 1087 819 1154 librorum
840 1085 1012 1154 auctoribus
1040 1087 1088 1154 vel
1107 1088 1310 1176 typographis.
1360 1090 1428 1155 Hoc

294 1231 365 1274 vero
388 1209 426 1274 ab
449 1209 538 1295 hujus
561 1207 702 1294 Catalcgi
726 1207 880 1294 proposito
900 1228 1021 1293 prorsus
1037 1207 1169 1272 alienum
1188 1231 1252 1274 esse
1276 1209 1359 1274 duxi.

340 1327 482 1392 Ceterum
501 1347 617 1414 sperare
635 1315 711 1390 mihi
731 1325 822 1390 liccat
845 1325 908 1390 fore
925 1330 960 1390 nt
982 1323 1033 1390 hic
1056 1325 1220 1414 Catalcgua
1244 1329 1314 1394 chm
1334 1327 1429 1394 histo

293 1445 356 1511 riae
375 1448 448 1512 artis
463 1444 695 1534 typographicae
706 1443 865 1522 studiosis,
877 1443 983 1508 saltem
996 1449 1144 1530 quantum
1155 1443 1298 1532 Belgium
1310 1447 1430 1522 attinet,

294 1563 375 1630 haud
398 1563 566 1652 spernenda
584 1563 731 1650 quaedam
751 1565 855 1627 aflerat
866 1561 996 1641 auxilia,
1007 1569 1073 1628 tum
1084 1564 1176 1629 etiam
1188 1565 1351 1631 nonnullos
1363 1587 1427 1630 cor-

294 1684 374 1770 rigat
394 1705 515 1748 errores.
561 1681 720 1746 Praeterea
738 1679 882 1746 inservire
901 1681 1012 1767 poterit
1031 1681 1069 1747 ad
1089 1683 1183 1748 libros
1198 1683 1358 1771 quosdam,
1374 1685 1426 1770 qni

293 1803 327 1867 in
343 1801 533 1867 bibliothecis
555 1800 603 1867 vel
627 1800 757 1888 publicis
776 1801 824 1866 vel
840 1801 965 1888 privatis
986 1808 1159 1883 servantur,
1171 1803 1287 1870 incerto
1299 1808 1429 1891 ettypo-

294 1920 401 2009 graphi
412 1921 534 2004 nomine
545 1924 576 1986 et
588 1919 730 1986 editionis
743 1941 822 1984 anno
835 1920 1065 2000 discemendos‚
1075 1923 1179 2009 eisque
1190 1925 1223 1988 in
1236 1923 1429 2011 Belgiccrum

294 2041 400 2106 ordine
418 2040 670 2106 incunabulorum
690 2063 777 2105 snum
801 2041 910 2126 cuique
925 2041 1025 2106 locum
1049 2042 1254 2107 indicandum.

341 2161 381 2225 In
400 2159 448 2225 hia
463 2158 549 2224 libris
571 2157 778 2224 describendis
794 2159 913 2246 saepius
933 2160 1131 2226 animadverti
1154 2161 1260 2246 quanti
1280 2161 1320 2225 sit
1335 2159 1429 2226 bonas

294 2277 402 2344 habere
425 2279 529 2343 icones
550 2278 690 2364 (ectypa).
722 2277 819 2341 Nulla
838 2278 919 2343 enim
935 2277 1112 2366 descriptio,
1126 2279 1263 2365 quamvis
1275 2287 1428 2358 accurata,

294 2397 406 2462 claram
434 2393 577 2483 exprimit
602 2401 743 2482 typorum
773 2396 946 2483 imaginem.
994 2397 1164 2463 Paucorum
1190 2421 1261 2464 vero
1284 2397 1429 2464 librorum

293 2516 396 2581 icones
414 2513 487 2580 huic
506 2511 654 2599 Catalogc
672 2513 799 2578 insertas
810 2514 902 2580 hrisse
914 2517 1157 2602 perumjuverr't,
1169 2517 1304 2582 omnium
1316 2523 1429 2596 summ,

294 2638 442 2722 quotquot
460 2631 541 2719 typis
560 2631 718 2710 differunt,
737 2632 975 2712 siaddidissem,
986 2634 1081 2700 nimio
1093 2634 1144 2700 hic
1159 2634 1323 2722 (latalogos
1334 2637 1429 2722 pretio

294 2752 485 2819 constitisset.
525 2749 634 2836 Neque
657 2750 763 2828 etiam,
786 2750 813 2814 si
837 2751 1006 2816 accuratius
1025 2773 1087 2816 rem
1106 2752 1289 2838 propositam
1308 2751 1429 2837 exigas,

295 2871 334 2937 ad
359 2869 490 2956 catalogi
516 2873 655 2934 naturam
681 2869 811 2956 pertinet
834 2869 973 2936 iconibus
996 2869 1149 2934 illustrari
1196 2867 1334 2940 Quodsi
1357 2869 1430 2936 lecit

295 2988 429 3068 Dibdin,
447 2987 628 3075 Catulognm
647 2987 739 3054 edens
763 2987 833 3052 Viri
848 2987 1031 3054 nobilissimi
1043 2986 1198 3075 Spenceri,
1210 3009 1245 3052 eo
1256 2987 1370 3054 lactum
1383 2995 1429 3054 est

294 3109 377 3196 quod
400 3108 453 3174 ille
479 3108 528 3174 vir
547 3107 716 3172 ditissimus
735 3107 790 3172 tali
810 3109 893 3194 operi
913 3107 1062 3186 ornando,
1080 3107 1223 3192 majorem
1246 3129 1337 3193 quam
1353 3107 1428 3174 mihi

295 3226 471 3315 suppetebat
489 3226 649 3313 pecuniam
668 3223 768 3312 potuit
789 3223 968 3312 impendere.

342 3347 461 3434 Sperari
484 3351 586 3410 tamen
605 3343 678 3410 licet
701 3344 835 3408 omnium
858 3349 1015 3428 typorum,
1034 3339 1145 3426 quibus
1165 3343 1345 3431 typographi
1357 3344 1429 3411 Bel-

270 3453 273 3462 ’
296 3465 375 3553 glai,
397 3463 518 3530 saeculo
541 3462 636 3540 XV0,
654 3463 703 3526 usi
723 3466 807 3538 sunt,
825 3461 966 3526 collectas
990 3460 1105 3525 editum
1124 3461 1162 3528 iri
1180 3463 1291 3528 icones.
1339 3465 1430 3530 Hanc

295 3585 377 3650 enim
400 3584 564 3650 editionem
579 3581 731 3646 Martinus
744 3579 878 3666 Nijholl,
890 3577 947 3644 bac
959 3579 993 3644 in
1005 3579 1080 3646 urbe
1091 3579 1269 3668 bibliopola,
1280 3584 1430 3670 suscipere

294 3727 358 3770 non
388 3702 538 3769 recusavit
567 3705 599 3766 et
624 3699 668 3764 rei
693 3698 892 3785 peritissimus
920 3696 1130 3786 lithographus
1152 3698 1189 3763 E.
1213 3699 1341 3786 Spanier
1364 3701 1429 3785 jam

294 3822 443 3888 nonnulla
465 3819 573 3886 talium
596 3817 718 3882 iconum
738 3817 902 3904 specimina
922 3817 1125 3897 adumbravit,
1148 3823 1211 3883 arte
1234 3839 1355 3904 prorsus
1367 3819 1429 3883 sin-

295 3941 403 4028 gulari.

342 4059 496 4133 Ceterum,
519 4052 577 4117 hoc
593 4051 739 4138 Catalcgo
759 4054 891 4134 edendo,
914 4054 994 4120 haud
1018 4055 1187 4122 existimavi
1204 4077 1251 4120 me
1267 4056 1428 4141 protulisse

294 4201 370 4265 opus
388 4171 527 4241 omnibus
543 4171 675 4236 numeris
698 4171 876 4238 absolutum.
910 4173 1011 4259 llujus
1030 4174 1073 4238 rci
1086 4174 1151 4257 jam
1163 4193 1244 4238 nunc
1256 4172 1428 4239 fidemsacit
