3184 5166
309 552 344 597 Vl

313 709 382 776 Viri
410 710 532 790 Visser,
564 707 697 790 Panzer,
725 707 771 774 De
799 707 845 774 la
868 709 963 775 Serus
983 708 1165 791 Sautanvler,
1183 711 1315 796 Brunet,
1338 713 1448 796 Ebert,

312 833 431 900 Dibdin
456 839 486 898 et
507 833 607 912 Hain3
631 827 866 918 monographiac
887 853 970 910 vero,
989 853 1116 918 quarum
1138 838 1275 900 auctores
1296 841 1368 900 simt
1389 836 1446 901 viri

311 955 506 1022 eruditissimi
538 953 580 1019 du
603 953 671 1038 Puy
699 951 737 1018 de
763 949 947 1030 Montbruu,
978 973 1038 1016 van
1069 951 1122 1017 cler
1148 952 1305 1033 Mcersch,
1323 956 1448 1022 Serrure

312 1075 436 1160 aliique,
453 1075 561 1161 paucis
580 1077 700 1136 tantum
723 1071 930 1135 innotuerunt.
964 1071 1024 1135 His
1044 1072 1184 1138 omuibus
1203 1074 1385 1162 locupletius
1404 1083 1450 1142 est

311 1193 350 1260 ab
375 1193 491 1258 Hainio
518 1193 632 1257 editum
661 1219 677 1249 e
691 1191 902 1276 Rapertoriura
928 1192 1214 1276 bihlinprfflcmn,
1238 1196 1272 1258 in
1295 1219 1352 1282 qao
1377 1197 1450 1260 libri

313 1337 423 1391 omues,
447 1314 486 1377 ab
508 1321 576 1376 arte
599 1312 816 1397 typopreplcico
841 1311 965 1373 invenito
989 1333 1086 1393 cepoe
1106 1313 1269 1376 adoneum
1282 1315 1451 1400 Mntypu

312 1435 460 1517 caprensi,
484 1433 590 1496 ordine
612 1431 804 1515 alphabetico
826 1423 878 1492 oct
899 1429 1083 1514 simpliciter
1105 1441 1317 1498 enumerantur
1333 1423 1450 1498 occec

314 1554 451 1616 caratiae
474 1559 673 1617 recensentur.
698 1550 754 1614 IV
772 1550 894 1614 Partes.
917 1549 961 1614 II
987 1551 1064 1616 Veli.
1089 1553 1297 1637 Stuttportiae
1311 1563 1340 1619 at
1353 1555 1448 1617 Luta-

312 1671 369 1735 tin
392 1672 603 1748 Parisiorum,
634 1672 873 1734 1826-1838.
896 1670 930 1732 ia
960 1667 1044 1748 8⁰.'';
1073 1671 1155 1756 quod
1184 1695 1253 1738 vero
1286 1671 1447 1737 dolendum

312 1796 371 1868 est,
398 1789 583 1855 incunabula
603 1787 729 1873 Belgica
748 1787 780 1851 in
804 1809 907 1852 eorum
930 1809 1058 1853 numero
1081 1796 1168 1868 sunt,
1188 1791 1241 1876 qui
1264 1791 1326 1856 fere
1349 1791 1448 1854 reim·

311 1909 432 1996 pliciter
444 1903 691 1986 errumcrantur”;
703 1928 760 1970 nec
771 1905 898 1982 mirum,
909 1906 1054 1991 quoniam
1065 1913 1171 1973 auctor
1181 1919 1329 1974 nostrates
1338 1909 1448 1974 biblio·

310 2027 416 2092 thecas
426 2051 488 2092 non
500 2027 605 2091 invisit
617 2031 660 2104 et,
672 2033 833 2110 antequam
846 2025 1001 2110 egregium
1014 2049 1086 2091 sane
1098 2049 1174 2114 opus
1185 2027 1371 2104 absolvisset,
1383 2029 1448 2092 vita

312 2145 456 2224 decessit,
479 2167 539 2232 qno
559 2145 673 2209 sactum
697 2151 755 2221 est,
774 2149 809 2208 ut
832 2143 865 2207 in
884 2143 940 2207 illo
954 2143 1132 2231 Repertorio
1144 2143 1253 2210 frustra
1265 2145 1448 2230 quaesiveris

311 2263 397 2330 baec:
425 2291 441 2321 n
456 2266 561 2329 Darem
584 2263 687 2330 meere
705 2265 896 2350 (sermones),
913 2266 1064 2348 senape,
1088 2269 1209 2328 Gemma
1224 2264 1449 2343 uocabulorum,

317 2384 475 2448 Camerata
498 2383 723 2460 uocabolorum,
746 2383 929 2448 Maidstoac
954 2383 1035 2468 (a),
1059 2385 1182 2448 Socrati
1199 2385 1450 2463 amorensium

314 2503 425 2582 (Heca
450 2504 515 2588 sle),
542 2504 777 2580 Pactam-entem,
803 2503 947 2566 Pleroma
972 2503 1051 2587 (Iac.
1075 2503 1139 2588 tic),
1172 2504 1351 2570 Vincentius
1374 2505 1450 2569 Bel-

314 2623 498 2702 loooccnsir,
527 2625 693 2708 Virpilc'us,
723 2625 953 2702 Veniebamus,
983 2626 1133 2710 Vulpes-ia
1160 2627 1296 2693 Terentii
1307 2627 1332 2692 ”.

360 2741 406 2806 Ut
429 2747 529 2807 autem
560 2740 635 2807 haec
654 2766 722 2829 pars
742 2742 782 2808 de
803 2765 864 2828 qua
890 2763 974 2814 narro
996 2745 1114 2830 agitur,
1134 2745 1234 2829 quoad
1258 2747 1322 2809 fieri
1342 2743 1450 2831 possit,

315 2859 454 2926 innnibue
477 2861 611 2926 numeris
640 2861 855 2941 absolveretur,
887 2861 945 2927 vir
966 2861 1255 2941 excellentissimus,
1276 2863 1325 2927 cui
1350 2883 1449 2928 rerum

314 2979 501 3044 internarum
526 2980 612 3066 regni
633 2979 856 3045 administratio
878 2979 1020 3044 mandata
1040 2985 1100 3056 est,
1123 2981 1238 3067 petenti
1256 2977 1333 3045 mihi
1360 2979 1452 3045 bene-

316 3095 383 3163 vole
406 3097 570 3175 concessit,
593 3102 629 3162 nt
652 3095 871 3163 ebibliotheca
891 3093 991 3162 Musei
1017 3095 1451 3164 MeermanuoWestreeniani

316 3216 484 3304 nonamnta
508 3215 644 3302 quinque
666 3214 864 3302 exemplaria,
886 3213 999 3301 quibus
1020 3213 1214 3281 Bibliotheca
1233 3215 1333 3304 Regia
1356 3222 1453 3295 caret,

315 3334 349 3400 in
378 3331 457 3399 hanc
481 3337 597 3420 partem
621 3331 864 3408 adsumerentur,
887 3355 947 3419 qua
967 3333 1055 3398 venia
1074 3333 1107 3398 id
1130 3337 1259 3400 assecmi
1279 3357 1395 3414 sumus,
1418 3349 1454 3400 ut

316 3475 379 3519 non
402 3453 503 3518 minus
522 3473 612 3537 quam
636 3455 701 3516 665
723 3450 907 3516 incunabula
930 3451 1058 3538 Belgnca
1080 3451 1138 3518 boc
1155 3452 1303 3540 Catalrigo
1316 3461 1455 3520 accurate

317 3571 472 3660 potuerint
491 3567 630 3634 describi.

365 3689 495 3756 Initium
518 3687 576 3752 feci
595 3709 613 3752 a
631 3688 837 3752 monumentis
852 3687 1089 3777 xylograplricis‚
1112 3713 1180 3755 cum
1192 3691 1274 3776 quod
1290 3691 1452 3757 111111101111111

317 3831 385 3875 rara
414 3813 486 3872 sunt
514 3810 545 3870 et
572 3805 697 3890 cognitu
721 3803 914 3891 dignissima,
941 3814 1006 3873 tum
1034 3807 1116 3892 quod
1144 3809 1284 3894 operibus
1308 3816 1451 3896 typogra-

319 4069 381 4112 non
404 4049 532 4132 possunt
555 4043 755 4109 adnumerari.

366 4161 512 4228 Ordinem
534 4182 619 4234 vcro,
633 4183 723 4246 quern
747 4163 855 4228 dicunt
878 4162 1235 4252 systlicmaticum,scqui
1250 4187 1311 4231 non
1323 4165 1460 4254 placuit,
1587 4239 1588 4264 χ

319 3927 431 4016 phicis,
455 3925 474 3988 i.
494 3947 518 3989 e.
543 3921 705 3990 mobilibus
724 3927 804 4014 typis
832 3927 994 4014 expressis,
1017 3927 1042 3991 si
1063 3928 1233 3993 accuratius
1253 3949 1316 3992 rem
1337 3928 1457 4014 exigas,
1587 3945 1588 4012 l
