<?xml version="1.0" encoding="UTF-8"?>
<!DOCTYPE html PUBLIC "-//W3C//DTD XHTML 1.0 Transitional//EN"
    "http://www.w3.org/TR/xhtml1/DTD/xhtml1-transitional.dtd">
<html xmlns="http://www.w3.org/1999/xhtml" xml:lang="en" lang="en">
 <head>
  <title>
</title>
<meta http-equiv="Content-Type" content="text/html;charset=utf-8" />
  <meta name='ocr-system' content='tesseract 3.04.00' />
  <meta name='ocr-capabilities' content='ocr_page ocr_carea ocr_par ocr_line ocrx_word'/>
</head>
<body>
  <div class='ocr_page' id='page_1' title='image "./cataloguslibror00holtgoog/cataloguslibror00holtgoog_0014.png"; bbox 0 0 3184 5166; ppageno 0'>
   <div class='ocr_carea' id='block_1_1' title="bbox 1248 575 1271 616">
    <p class='ocr_par' dir='ltr' id='par_1_1' title="bbox 1248 575 1271 616">
     <span class='ocr_line' id='line_1_1' title="bbox 1248 575 1271 616; baseline 0 0"><span class='ocrx_word' id='word_1_1' title='bbox 1248 575 1271 616; x_wconf 82' lang='lat' dir='ltr'>V</span> 
     </span>
    </p>
   </div>
   <div class='ocr_carea' id='block_1_2' title="bbox 135 725 1273 923">
    <p class='ocr_par' dir='ltr' id='par_1_2' title="bbox 135 725 1273 923">
     <span class='ocr_line' id='line_1_2' title="bbox 183 725 1273 820; baseline 0.005 -27"><span class='ocrx_word' id='word_1_2' title='bbox 183 727 223 793; x_wconf 92' lang='lat' dir='ltr'><strong>In</strong></span> <span class='ocrx_word' id='word_1_3' title='bbox 251 725 299 793; x_wconf 85' lang='lat' dir='ltr'><strong>his</strong></span> <span class='ocrx_word' id='word_1_4' title='bbox 327 727 499 816; x_wconf 72' lang='lat' dir='ltr'>catalogis,</span> <span class='ocrx_word' id='word_1_5' title='bbox 527 727 778 816; x_wconf 90' lang='lat' dir='ltr'><strong>quamadmodum</strong></span> <span class='ocrx_word' id='word_1_6' title='bbox 803 729 834 793; x_wconf 89' lang='lat' dir='ltr'><strong>in</strong></span> <span class='ocrx_word' id='word_1_7' title='bbox 858 728 917 796; x_wconf 89' lang='lat' dir='ltr'><strong>isto</strong></span> <span class='ocrx_word' id='word_1_8' title='bbox 939 730 1189 810; x_wconf 84' lang='lat' dir='ltr'><strong>Nomenelatore,</strong></span> <span class='ocrx_word' id='word_1_9' title='bbox 1211 735 1273 820; x_wconf 91' lang='lat' dir='ltr'><strong>pri-</strong></span> 
     </span>
     <span class='ocr_line' id='line_1_3' title="bbox 135 835 1270 923; baseline 0.004 -23"><span class='ocrx_word' id='word_1_10' title='bbox 135 856 218 900; x_wconf 89' lang='lat' dir='ltr'><strong>mum</strong></span> <span class='ocrx_word' id='word_1_11' title='bbox 242 835 344 901; x_wconf 72' lang='grc' dir='ltr'>Ιοοιιιη</span> <span class='ocrx_word' id='word_1_12' title='bbox 367 841 515 923; x_wconf 88' lang='lat' dir='ltr'><strong>occupant</strong></span> <span class='ocrx_word' id='word_1_13' title='bbox 538 835 608 901; x_wconf 86' lang='lat' dir='ltr'>libri</span> <span class='ocrx_word' id='word_1_14' title='bbox 641 836 694 922; x_wconf 93' lang='lat' dir='ltr'><strong>qui</strong></span> <span class='ocrx_word' id='word_1_15' title='bbox 719 835 863 901; x_wconf 77' lang='lat' dir='ltr'><strong>editionis</strong></span> <span class='ocrx_word' id='word_1_16' title='bbox 885 859 999 904; x_wconf 89' lang='lat' dir='ltr'><strong>annum</strong></span> <span class='ocrx_word' id='word_1_17' title='bbox 1024 839 1113 904; x_wconf 86' lang='lat' dir='ltr'><strong>certis</strong></span> <span class='ocrx_word' id='word_1_18' title='bbox 1137 839 1270 904; x_wconf 87' lang='lat' dir='ltr'><strong>numeris</strong></span> 
     </span>
    </p>
   </div>
   <div class='ocr_carea' id='block_1_3' title="bbox 132 952 1272 2232">
    <p class='ocr_par' dir='ltr' id='par_1_3' title="bbox 134 952 1272 1161">
     <span class='ocr_line' id='line_1_4' title="bbox 135 952 1272 1044; baseline 0.005 -26"><span class='ocrx_word' id='word_1_19' title='bbox 135 977 309 1042; x_wconf 62' lang='lat' dir='ltr'><strong>summum</strong></span> <span class='ocrx_word' id='word_1_20' title='bbox 337 955 507 1034; x_wconf 77' lang='lat' dir='ltr'><strong>continent,</strong></span> <span class='ocrx_word' id='word_1_21' title='bbox 533 955 640 1020; x_wconf 84' lang='lat' dir='ltr'><strong>ordine</strong></span> <span class='ocrx_word' id='word_1_22' title='bbox 666 952 880 1042; x_wconf 85' lang='lat' dir='ltr'><strong>chronologico</strong></span> <span class='ocrx_word' id='word_1_23' title='bbox 903 959 1086 1038; x_wconf 88' lang='lat' dir='ltr'><strong>continuati;</strong></span> <span class='ocrx_word' id='word_1_24' title='bbox 1105 963 1272 1044; x_wconf 87' lang='lat' dir='ltr'><strong>sequuntur</strong></span> 
     </span>
     <span class='ocr_line' id='line_1_5' title="bbox 134 1072 1041 1161; baseline 0.004 -23"><span class='ocrx_word' id='word_1_25' title='bbox 134 1095 240 1160; x_wconf 90' lang='lat' dir='ltr'><strong>opera,</strong></span> <span class='ocrx_word' id='word_1_26' title='bbox 255 1095 333 1158; x_wconf 90' lang='lat' dir='ltr'><strong>quae</strong></span> <span class='ocrx_word' id='word_1_27' title='bbox 349 1095 428 1138; x_wconf 88' lang='lat' dir='ltr'><strong>anno</strong></span> <span class='ocrx_word' id='word_1_28' title='bbox 451 1073 595 1140; x_wconf 79' lang='lat' dir='ltr'><strong>editionis</strong></span> <span class='ocrx_word' id='word_1_29' title='bbox 615 1095 677 1138; x_wconf 89' lang='lat' dir='ltr'><strong>non</strong></span> <span class='ocrx_word' id='word_1_30' title='bbox 697 1072 832 1138; x_wconf 91' lang='lat' dir='ltr'><strong>indicato</strong></span> <span class='ocrx_word' id='word_1_31' title='bbox 856 1075 1041 1161; x_wconf 86' lang='lat' dir='ltr'><strong>prodierunt</strong></span> 
     </span>
    </p>

    <p class='ocr_par' dir='ltr' id='par_1_4' title="bbox 132 1187 1271 1754">
     <span class='ocr_line' id='line_1_6' title="bbox 180 1187 1271 1282; baseline 0 -21"><span class='ocrx_word' id='word_1_32' title='bbox 180 1189 287 1261; x_wconf 80' lang='lat' dir='ltr'><strong>Quum</strong></span> <span class='ocrx_word' id='word_1_33' title='bbox 306 1195 417 1270; x_wconf 88' lang='lat' dir='ltr'><strong>autem,</strong></span> <span class='ocrx_word' id='word_1_34' title='bbox 441 1195 510 1278; x_wconf 85' lang='lat' dir='ltr'><strong>post</strong></span> <span class='ocrx_word' id='word_1_35' title='bbox 528 1211 640 1256; x_wconf 88' lang='lat' dir='ltr'><strong>annum</strong></span> <span class='ocrx_word' id='word_1_36' title='bbox 664 1187 754 1276; x_wconf 87' lang='lat' dir='ltr'><strong>hujus</strong></span> <span class='ocrx_word' id='word_1_37' title='bbox 776 1191 889 1258; x_wconf 85' lang='lat' dir='ltr'><strong>saeculi</strong></span> <span class='ocrx_word' id='word_1_38' title='bbox 903 1197 960 1272; x_wconf 75' lang='lat'><strong>29,</strong></span> <span class='ocrx_word' id='word_1_39' title='bbox 973 1191 1163 1260; x_wconf 76' lang='lat' dir='ltr'><strong>Bibliotheca</strong></span> <span class='ocrx_word' id='word_1_40' title='bbox 1175 1193 1271 1282; x_wconf 83' lang='lat' dir='ltr'><strong>Regia</strong></span> 
     </span>
     <span class='ocr_line' id='line_1_7' title="bbox 132 1308 1271 1401; baseline 0.006 -28"><span class='ocrx_word' id='word_1_41' title='bbox 132 1330 246 1395; x_wconf 83' lang='lat' dir='ltr'><strong>magno</strong></span> <span class='ocrx_word' id='word_1_42' title='bbox 262 1309 514 1375; x_wconf 83' lang='lat' dir='ltr'><strong>incunabulorum</strong></span> <span class='ocrx_word' id='word_1_43' title='bbox 537 1331 661 1376; x_wconf 87' lang='lat' dir='ltr'><strong>numero</strong></span> <span class='ocrx_word' id='word_1_44' title='bbox 682 1308 852 1376; x_wconf 80' lang='lat' dir='ltr'><strong>luoudeuter</strong></span> <span class='ocrx_word' id='word_1_45' title='bbox 875 1316 963 1378; x_wconf 90' lang='lat' dir='ltr'><strong>aucta</strong></span> <span class='ocrx_word' id='word_1_46' title='bbox 986 1312 1062 1392; x_wconf 86' lang='lat' dir='ltr'><strong>fuit,</strong></span> <span class='ocrx_word' id='word_1_47' title='bbox 1086 1335 1192 1401; x_wconf 87' lang='lat' dir='ltr'><strong>operae</strong></span> <span class='ocrx_word' id='word_1_48' title='bbox 1204 1337 1271 1400; x_wconf 89' lang='lat' dir='ltr'><strong>pre-</strong></span> 
     </span>
     <span class='ocr_line' id='line_1_8' title="bbox 133 1427 1271 1518; baseline 0.004 -25"><span class='ocrx_word' id='word_1_49' title='bbox 133 1427 213 1494; x_wconf 83' lang='lat' dir='ltr'><strong>tium</strong></span> <span class='ocrx_word' id='word_1_50' title='bbox 240 1429 338 1495; x_wconf 82' lang='lat' dir='ltr'><strong>facere</strong></span> <span class='ocrx_word' id='word_1_51' title='bbox 362 1427 437 1494; x_wconf 91' lang='lat' dir='ltr'><strong>mihi</strong></span> <span class='ocrx_word' id='word_1_52' title='bbox 467 1430 566 1496; x_wconf 90' lang='lat' dir='ltr'><strong>visum</strong></span> <span class='ocrx_word' id='word_1_53' title='bbox 582 1453 662 1509; x_wconf 88' lang='lat' dir='ltr'><strong>sum,</strong></span> <span class='ocrx_word' id='word_1_54' title='bbox 685 1430 711 1495; x_wconf 91' lang='lat' dir='ltr'><strong>si</strong></span> <span class='ocrx_word' id='word_1_55' title='bbox 734 1452 847 1496; x_wconf 89' lang='lat' dir='ltr'><strong>novum</strong></span> <span class='ocrx_word' id='word_1_56' title='bbox 870 1430 1052 1518; x_wconf 83' lang='lat' dir='ltr'><strong>Catalogum</strong></span> <span class='ocrx_word' id='word_1_57' title='bbox 1073 1433 1205 1511; x_wconf 69' lang='lat' dir='ltr'><strong>ederem</strong></span> <span class='ocrx_word' id='word_1_58' title='bbox 1229 1434 1271 1498; x_wconf 90' lang='lat' dir='ltr'><strong>ita</strong></span> 
     </span>
     <span class='ocr_line' id='line_1_9' title="bbox 132 1547 1271 1639; baseline 0.006 -28"><span class='ocrx_word' id='word_1_59' title='bbox 132 1548 294 1614; x_wconf 84' lang='lat' dir='ltr'><strong>conditum</strong></span> <span class='ocrx_word' id='word_1_60' title='bbox 317 1554 349 1614; x_wconf 90' lang='lat' dir='ltr'><strong>et</strong></span> <span class='ocrx_word' id='word_1_61' title='bbox 367 1547 565 1626; x_wconf 86' lang='lat' dir='ltr'><strong>instructum,</strong></span> <span class='ocrx_word' id='word_1_62' title='bbox 587 1554 623 1614; x_wconf 90' lang='lat' dir='ltr'><strong>ut</strong></span> <span class='ocrx_word' id='word_1_63' title='bbox 643 1548 787 1614; x_wconf 87' lang='lat' dir='ltr'><strong>scientiae</strong></span> <span class='ocrx_word' id='word_1_64' title='bbox 806 1571 961 1636; x_wconf 85' lang='lat' dir='ltr'><strong>quousque</strong></span> <span class='ocrx_word' id='word_1_65' title='bbox 981 1548 1039 1616; x_wconf 91' lang='lat' dir='ltr'><strong>hoc</strong></span> <span class='ocrx_word' id='word_1_66' title='bbox 1058 1555 1190 1639; x_wconf 88' lang='lat' dir='ltr'><strong>tempore</strong></span> <span class='ocrx_word' id='word_1_67' title='bbox 1202 1575 1271 1639; x_wconf 90' lang='lat' dir='ltr'><strong>pro-</strong></span> 
     </span>
     <span class='ocr_line' id='line_1_10' title="bbox 133 1666 853 1754; baseline -0.001 -21"><span class='ocrx_word' id='word_1_68' title='bbox 133 1689 240 1754; x_wconf 78' lang='lat' dir='ltr'><strong>gressa</strong></span> <span class='ocrx_word' id='word_1_69' title='bbox 259 1673 320 1744; x_wconf 88' lang='lat' dir='ltr'><strong>est,</strong></span> <span class='ocrx_word' id='word_1_70' title='bbox 342 1666 510 1733; x_wconf 88' lang='lat' dir='ltr'><strong>rationibus</strong></span> <span class='ocrx_word' id='word_1_71' title='bbox 530 1689 592 1732; x_wconf 88' lang='lat' dir='ltr'><strong>non</strong></span> <span class='ocrx_word' id='word_1_72' title='bbox 616 1671 696 1733; x_wconf 90' lang='lat' dir='ltr'><strong>esset</strong></span> <span class='ocrx_word' id='word_1_73' title='bbox 718 1667 853 1733; x_wconf 82' lang='lat' dir='ltr'><strong>inferior.</strong></span> 
     </span>
    </p>

    <p class='ocr_par' dir='ltr' id='par_1_5' title="bbox 132 1785 1272 2232">
     <span class='ocr_line' id='line_1_11' title="bbox 182 1785 1272 1873; baseline 0.004 -23"><span class='ocrx_word' id='word_1_74' title='bbox 182 1785 257 1851; x_wconf 89' lang='lat' dir='ltr'><strong>Hoc</strong></span> <span class='ocrx_word' id='word_1_75' title='bbox 283 1785 351 1852; x_wconf 89' lang='lat' dir='ltr'><strong>loco</strong></span> <span class='ocrx_word' id='word_1_76' title='bbox 381 1785 466 1852; x_wconf 91' lang='lat' dir='ltr'><strong>lubet</strong></span> <span class='ocrx_word' id='word_1_77' title='bbox 490 1785 592 1852; x_wconf 90' lang='lat' dir='ltr'><strong>officia</strong></span> <span class='ocrx_word' id='word_1_78' title='bbox 612 1807 858 1864; x_wconf 89' lang='lat' dir='ltr'><strong>commemorare,</strong></span> <span class='ocrx_word' id='word_1_79' title='bbox 881 1808 958 1873; x_wconf 91' lang='lat' dir='ltr'><strong>quae</strong></span> <span class='ocrx_word' id='word_1_80' title='bbox 982 1786 1272 1866; x_wconf 62' lang='lat' dir='ltr'><strong>vindiniaca</strong></span> 
     </span>
     <span class='ocr_line' id='line_1_12' title="bbox 132 1904 1271 1994; baseline 0 -24"><span class='ocrx_word' id='word_1_81' title='bbox 132 1927 260 1972; x_wconf 87' lang='lat' dir='ltr'><strong>munere</strong></span> <span class='ocrx_word' id='word_1_82' title='bbox 267 1906 533 1992; x_wconf 86' lang='lat' dir='ltr'><strong>conjunctissimus</strong></span> <span class='ocrx_word' id='word_1_83' title='bbox 544 1905 715 1994; x_wconf 90' lang='lat' dir='ltr'><strong>Campbell,</strong></span> <span class='ocrx_word' id='word_1_84' title='bbox 726 1906 779 1992; x_wconf 90' lang='lat' dir='ltr'><strong>qui</strong></span> <span class='ocrx_word' id='word_1_85' title='bbox 791 1904 1019 1970; x_wconf 86' lang='lat' dir='ltr'><strong>Bibliotheoan&#39;i</strong></span> <span class='ocrx_word' id='word_1_86' title='bbox 1031 1906 1157 1972; x_wconf 86' lang='lat' dir='ltr'><strong>secundi</strong></span> <span class='ocrx_word' id='word_1_87' title='bbox 1170 1905 1271 1972; x_wconf 90' lang='lat' dir='ltr'><strong>locum</strong></span> 
     </span>
     <span class='ocr_line' id='line_1_13' title="bbox 132 2014 1271 2111; baseline -0.002 -21"><span class='ocrx_word' id='word_1_88' title='bbox 132 2024 266 2104; x_wconf 86' lang='lat' dir='ltr'><strong>obtinet,</strong></span> <span class='ocrx_word' id='word_1_89' title='bbox 294 2047 363 2091; x_wconf 88' lang='lat' dir='ltr'><strong>oum</strong></span> <span class='ocrx_word' id='word_1_90' title='bbox 390 2025 424 2090; x_wconf 90' lang='lat' dir='ltr'><strong>in</strong></span> <span class='ocrx_word' id='word_1_91' title='bbox 448 2023 607 2090; x_wconf 89' lang='lat' dir='ltr'><strong>condendo</strong></span> <span class='ocrx_word' id='word_1_92' title='bbox 635 2029 700 2090; x_wconf 87' lang='lat' dir='ltr'><strong>tum</strong></span> <span class='ocrx_word' id='word_1_93' title='bbox 722 2014 761 2090; x_wconf 88' lang='lat' dir='ltr'><strong>in</strong></span> <span class='ocrx_word' id='word_1_94' title='bbox 792 2024 909 2090; x_wconf 85' lang='lat' dir='ltr'><strong>edendo</strong></span> <span class='ocrx_word' id='word_1_95' title='bbox 938 2022 996 2090; x_wconf 91' lang='lat' dir='ltr'><strong>hoe</strong></span> <span class='ocrx_word' id='word_1_96' title='bbox 1024 2024 1172 2111; x_wconf 84' lang='lat' dir='ltr'><strong>Catalogo</strong></span> <span class='ocrx_word' id='word_1_97' title='bbox 1194 2022 1271 2090; x_wconf 90' lang='lat' dir='ltr'><strong>mihi</strong></span> 
     </span>
     <span class='ocr_line' id='line_1_14' title="bbox 133 2142 1270 2232; baseline 0 -22"><span class='ocrx_word' id='word_1_98' title='bbox 133 2144 294 2232; x_wconf 80' lang='lat' dir='ltr'><strong>praestitit</strong></span> <span class='ocrx_word' id='word_1_99' title='bbox 339 2143 492 2210; x_wconf 83' lang='lat' dir='ltr'><strong>Assiduus</strong></span> <span class='ocrx_word' id='word_1_100' title='bbox 521 2142 607 2210; x_wconf 86' lang='lat' dir='ltr'><strong>labor</strong></span> <span class='ocrx_word' id='word_1_101' title='bbox 634 2149 665 2210; x_wconf 91' lang='lat' dir='ltr'><strong>et</strong></span> <span class='ocrx_word' id='word_1_102' title='bbox 692 2165 798 2231; x_wconf 84' lang='lat' dir='ltr'><strong>graves</strong></span> <span class='ocrx_word' id='word_1_103' title='bbox 827 2165 914 2230; x_wconf 87' lang='lat' dir='ltr'><strong>saepe</strong></span> <span class='ocrx_word' id='word_1_104' title='bbox 944 2142 1172 2229; x_wconf 86' lang='lat' dir='ltr'><strong>disquisitiones</strong></span> <span class='ocrx_word' id='word_1_105' title='bbox 1196 2165 1270 2228; x_wconf 82' lang='lat' dir='ltr'><strong>quas</strong></span> 
     </span>
    </p>
   </div>
   <div class='ocr_carea' id='block_1_4' title="bbox 7 2261 1271 2350">
    <p class='ocr_par' dir='ltr' id='par_1_6' title="bbox 7 2261 1271 2350">
     <span class='ocr_line' id='line_1_15' title="bbox 7 2261 1271 2350; baseline 0.003 -26"><span class='ocrx_word' id='word_1_106' title='bbox 7 2279 8 2324; x_wconf 65' lang='lat'>3</span> <span class='ocrx_word' id='word_1_107' title='bbox 133 2261 310 2349; x_wconf 86' lang='lat' dir='ltr'><strong>hujusmodi</strong></span> <span class='ocrx_word' id='word_1_108' title='bbox 333 2263 430 2349; x_wconf 78' lang='lat' dir='ltr'><strong>exigit</strong></span> <span class='ocrx_word' id='word_1_109' title='bbox 454 2285 545 2350; x_wconf 90' lang='lat' dir='ltr'><strong>opus,</strong></span> <span class='ocrx_word' id='word_1_110' title='bbox 568 2285 630 2328; x_wconf 87' lang='lat' dir='ltr'><strong>uon</strong></span> <span class='ocrx_word' id='word_1_111' title='bbox 649 2262 740 2328; x_wconf 81' lang='lat' dir='ltr'><strong>facile</strong></span> <span class='ocrx_word' id='word_1_112' title='bbox 759 2262 844 2328; x_wconf 89' lang='lat' dir='ltr'><strong>dictu</strong></span> <span class='ocrx_word' id='word_1_113' title='bbox 863 2267 909 2328; x_wconf 88' lang='lat' dir='ltr'><strong>est</strong></span> <span class='ocrx_word' id='word_1_114' title='bbox 928 2284 1019 2348; x_wconf 90' lang='lat' dir='ltr'><strong>quam</strong></span> <span class='ocrx_word' id='word_1_115' title='bbox 1043 2262 1124 2328; x_wconf 87' lang='lat' dir='ltr'><strong>leves</strong></span> <span class='ocrx_word' id='word_1_116' title='bbox 1147 2262 1224 2328; x_wconf 90' lang='lat' dir='ltr'><strong>mibi</strong></span> <span class='ocrx_word' id='word_1_117' title='bbox 1240 2271 1271 2328; x_wconf 89' lang='lat' dir='ltr'><strong>et</strong></span> 
     </span>
    </p>
   </div>
   <div class='ocr_carea' id='block_1_5' title="bbox 133 2378 1271 2468">
    <p class='ocr_par' dir='ltr' id='par_1_7' title="bbox 133 2378 1271 2468">
     <span class='ocr_line' id='line_1_16' title="bbox 133 2378 1271 2468; baseline -0.002 -20"><span class='ocrx_word' id='word_1_118' title='bbox 133 2382 287 2468; x_wconf 75' lang='lat' dir='ltr'><strong>jucundae</strong></span> <span class='ocrx_word' id='word_1_119' title='bbox 306 2382 404 2448; x_wconf 86' lang='lat' dir='ltr'><strong>factae</strong></span> <span class='ocrx_word' id='word_1_120' title='bbox 422 2383 500 2460; x_wconf 90' lang='lat' dir='ltr'><strong>sint,</strong></span> <span class='ocrx_word' id='word_1_121' title='bbox 522 2403 585 2447; x_wconf 89' lang='lat' dir='ltr'><strong>non</strong></span> <span class='ocrx_word' id='word_1_122' title='bbox 605 2385 724 2446; x_wconf 88' lang='lat' dir='ltr'><strong>tautum</strong></span> <span class='ocrx_word' id='word_1_123' title='bbox 743 2379 895 2446; x_wconf 87' lang='lat' dir='ltr'><strong>indefesso</strong></span> <span class='ocrx_word' id='word_1_124' title='bbox 913 2378 1004 2467; x_wconf 87' lang='lat' dir='ltr'><strong>hujus</strong></span> <span class='ocrx_word' id='word_1_125' title='bbox 1025 2379 1094 2444; x_wconf 83' lang='lat' dir='ltr'><strong>Viri</strong></span> <span class='ocrx_word' id='word_1_126' title='bbox 1115 2382 1216 2448; x_wconf 86' lang='lat' dir='ltr'><strong>studio</strong></span> <span class='ocrx_word' id='word_1_127' title='bbox 1241 2389 1271 2448; x_wconf 87' lang='lat' dir='ltr'><strong>et</strong></span> 
     </span>
    </p>
   </div>
   <div class='ocr_carea' id='block_1_6' title="bbox 7 2497 1270 2589">
    <p class='ocr_par' dir='ltr' id='par_1_8' title="bbox 7 2497 1270 2589">
     <span class='ocr_line' id='line_1_17' title="bbox 7 2497 1270 2589; baseline 0.001 -24"><span class='ocrx_word' id='word_1_128' title='bbox 7 2519 8 2522; x_wconf 72' lang='grc'>’</span> <span class='ocrx_word' id='word_1_129' title='bbox 140 2523 248 2582; x_wconf 85' lang='lat' dir='ltr'><strong>amore,</strong></span> <span class='ocrx_word' id='word_1_130' title='bbox 272 2500 382 2587; x_wconf 88' lang='lat' dir='ltr'><strong>quibus</strong></span> <span class='ocrx_word' id='word_1_131' title='bbox 400 2522 512 2566; x_wconf 90' lang='lat' dir='ltr'><strong>munus</strong></span> <span class='ocrx_word' id='word_1_132' title='bbox 531 2501 591 2589; x_wconf 91' lang='lat' dir='ltr'><strong>ipsi</strong></span> <span class='ocrx_word' id='word_1_133' title='bbox 610 2499 787 2566; x_wconf 87' lang='lat' dir='ltr'><strong>mandatum</strong></span> <span class='ocrx_word' id='word_1_134' title='bbox 807 2497 1028 2586; x_wconf 79' lang='lat' dir='ltr'><strong>complectitur,</strong></span> <span class='ocrx_word' id='word_1_135' title='bbox 1051 2499 1103 2565; x_wconf 89' lang='lat' dir='ltr'><strong>sed</strong></span> <span class='ocrx_word' id='word_1_136' title='bbox 1122 2501 1270 2586; x_wconf 79' lang='lat' dir='ltr'><strong>singulari</strong></span> 
     </span>
    </p>
   </div>
   <div class='ocr_carea' id='block_1_7' title="bbox 139 2615 1271 2708">
    <p class='ocr_par' dir='ltr' id='par_1_9' title="bbox 139 2615 1271 2708">
     <span class='ocr_line' id='line_1_18' title="bbox 139 2615 1271 2708; baseline 0 -24"><span class='ocrx_word' id='word_1_137' title='bbox 139 2619 224 2684; x_wconf 87' lang='lat' dir='ltr'><strong>etiam</strong></span> <span class='ocrx_word' id='word_1_138' title='bbox 247 2619 427 2706; x_wconf 84' lang='lat' dir='ltr'><strong>diligentie,</strong></span> <span class='ocrx_word' id='word_1_139' title='bbox 453 2642 514 2706; x_wconf 81' lang='lat' dir='ltr'><strong>quc</strong></span> <span class='ocrx_word' id='word_1_140' title='bbox 537 2620 674 2708; x_wconf 89' lang='lat' dir='ltr'><strong>persequi</strong></span> <span class='ocrx_word' id='word_1_141' title='bbox 698 2619 776 2686; x_wconf 90' lang='lat' dir='ltr'><strong>solet</strong></span> <span class='ocrx_word' id='word_1_142' title='bbox 799 2615 957 2684; x_wconf 78' lang='lat' dir='ltr'><strong>historiam</strong></span> <span class='ocrx_word' id='word_1_143' title='bbox 978 2616 1195 2706; x_wconf 78' lang='lat' dir='ltr'><strong>typographiae</strong></span> <span class='ocrx_word' id='word_1_144' title='bbox 1217 2641 1271 2706; x_wconf 85' lang='lat' dir='ltr'><strong>per</strong></span> 
     </span>
    </p>
   </div>
   <div class='ocr_carea' id='block_1_8' title="bbox 135 2737 1402 2826">
    <p class='ocr_par' dir='ltr' id='par_1_10' title="bbox 135 2737 1402 2826">
     <span class='ocr_line' id='line_1_19' title="bbox 135 2737 1402 2826; baseline -0.002 -22"><span class='ocrx_word' id='word_1_145' title='bbox 135 2739 265 2825; x_wconf 86' lang='lat' dir='ltr'><strong>primum</strong></span> <span class='ocrx_word' id='word_1_146' title='bbox 284 2743 355 2826; x_wconf 88' lang='lat' dir='ltr'><strong>post</strong></span> <span class='ocrx_word' id='word_1_147' title='bbox 376 2739 531 2806; x_wconf 86' lang='lat' dir='ltr'><strong>iuventam</strong></span> <span class='ocrx_word' id='word_1_148' title='bbox 551 2738 711 2804; x_wconf 87' lang='lat' dir='ltr'><strong>saeculum.</strong></span> <span class='ocrx_word' id='word_1_149' title='bbox 758 2737 880 2810; x_wconf 81' lang='lat' dir='ltr'><strong>Quoia</strong></span> <span class='ocrx_word' id='word_1_150' title='bbox 903 2759 935 2802; x_wconf 92' lang='lat' dir='ltr'><strong>re</strong></span> <span class='ocrx_word' id='word_1_151' title='bbox 959 2742 1077 2802; x_wconf 89' lang='lat' dir='ltr'><strong>tautum</strong></span> <span class='ocrx_word' id='word_1_152' title='bbox 1096 2742 1204 2802; x_wconf 85' lang='lat' dir='ltr'><strong>nactus</strong></span> <span class='ocrx_word' id='word_1_153' title='bbox 1224 2745 1270 2803; x_wconf 86' lang='lat' dir='ltr'><strong>est</strong></span> <span class='ocrx_word' id='word_1_154' title='bbox 1394 2775 1402 2784; x_wconf 93' lang='lat'>-</span> 
     </span>
    </p>
   </div>
   <div class='ocr_carea' id='block_1_9' title="bbox 108 2854 1272 4260">
    <p class='ocr_par' dir='ltr' id='par_1_11' title="bbox 132 2854 1270 3417">
     <span class='ocr_line' id='line_1_20' title="bbox 136 2854 1270 2943; baseline 0 -21"><span class='ocrx_word' id='word_1_155' title='bbox 136 2877 192 2922; x_wconf 87' lang='lat' dir='ltr'><strong>usu</strong></span> <span class='ocrx_word' id='word_1_156' title='bbox 217 2857 417 2922; x_wconf 83' lang='lat' dir='ltr'><strong>exercitatum</strong></span> <span class='ocrx_word' id='word_1_157' title='bbox 431 2854 543 2942; x_wconf 83' lang='lat' dir='ltr'><strong>judicii</strong></span> <span class='ocrx_word' id='word_1_158' title='bbox 569 2879 710 2935; x_wconf 89' lang='lat' dir='ltr'><strong>acumen,</strong></span> <span class='ocrx_word' id='word_1_159' title='bbox 732 2863 767 2922; x_wconf 90' lang='lat' dir='ltr'><strong>ut</strong></span> <span class='ocrx_word' id='word_1_160' title='bbox 789 2855 970 2942; x_wconf 88' lang='lat' dir='ltr'><strong>quibusdam</strong></span> <span class='ocrx_word' id='word_1_161' title='bbox 989 2855 1125 2922; x_wconf 87' lang='lat' dir='ltr'><strong>nondum</strong></span> <span class='ocrx_word' id='word_1_162' title='bbox 1137 2856 1270 2943; x_wconf 88' lang='lat' dir='ltr'><strong>cognitis</strong></span> 
     </span>
     <span class='ocr_line' id='line_1_21' title="bbox 132 2973 1270 3063; baseline 0.002 -23"><span class='ocrx_word' id='word_1_163' title='bbox 132 2980 186 3042; x_wconf 90' lang='lat' dir='ltr'><strong>aut</strong></span> <span class='ocrx_word' id='word_1_164' title='bbox 205 2974 331 3040; x_wconf 86' lang='lat' dir='ltr'><strong>incertis</strong></span> <span class='ocrx_word' id='word_1_165' title='bbox 354 2973 603 3063; x_wconf 87' lang='lat' dir='ltr'><strong>impressionibus</strong></span> <span class='ocrx_word' id='word_1_166' title='bbox 623 2998 696 3040; x_wconf 90' lang='lat' dir='ltr'><strong>suus</strong></span> <span class='ocrx_word' id='word_1_167' title='bbox 715 2976 871 3062; x_wconf 89' lang='lat' dir='ltr'><strong>cuiquein</strong></span> <span class='ocrx_word' id='word_1_168' title='bbox 885 2973 1032 3040; x_wconf 84' lang='lat' dir='ltr'><strong>librorum</strong></span> <span class='ocrx_word' id='word_1_169' title='bbox 1051 2975 1270 3056; x_wconf 89' lang='lat' dir='ltr'><strong>ordinelocus,</strong></span> 
     </span>
     <span class='ocr_line' id='line_1_22' title="bbox 134 3091 1270 3182; baseline 0 -22"><span class='ocrx_word' id='word_1_170' title='bbox 134 3093 227 3181; x_wconf 86' lang='lat' dir='ltr'><strong>hujus</strong></span> <span class='ocrx_word' id='word_1_171' title='bbox 250 3093 399 3160; x_wconf 83' lang='lat' dir='ltr'><strong>acuminis</strong></span> <span class='ocrx_word' id='word_1_172' title='bbox 418 3117 475 3181; x_wconf 92' lang='lat' dir='ltr'><strong>ope</strong></span> <span class='ocrx_word' id='word_1_173' title='bbox 494 3095 627 3182; x_wconf 85' lang='lat' dir='ltr'><strong>potuerit</strong></span> <span class='ocrx_word' id='word_1_174' title='bbox 650 3093 813 3180; x_wconf 84' lang='lat' dir='ltr'><strong>adsignari.</strong></span> <span class='ocrx_word' id='word_1_175' title='bbox 859 3091 951 3166; x_wconf 82' lang='lat' dir='ltr'><strong>Quod</strong></span> <span class='ocrx_word' id='word_1_176' title='bbox 970 3095 1077 3179; x_wconf 89' lang='lat' dir='ltr'><strong>quanti</strong></span> <span class='ocrx_word' id='word_1_177' title='bbox 1094 3094 1270 3162; x_wconf 85' lang='lat' dir='ltr'><strong>sitvideant</strong></span> 
     </span>
     <span class='ocr_line' id='line_1_23' title="bbox 134 3212 1269 3299; baseline 0.002 -21"><span class='ocrx_word' id='word_1_178' title='bbox 134 3213 178 3278; x_wconf 87' lang='lat' dir='ltr'><strong>rei</strong></span> <span class='ocrx_word' id='word_1_179' title='bbox 191 3212 343 3280; x_wconf 81' lang='lat' dir='ltr'><strong>literariae</strong></span> <span class='ocrx_word' id='word_1_180' title='bbox 362 3213 504 3292; x_wconf 85' lang='lat' dir='ltr'><strong>studiosi;</strong></span> <span class='ocrx_word' id='word_1_181' title='bbox 521 3213 660 3299; x_wconf 89' lang='lat' dir='ltr'><strong>equidem</strong></span> <span class='ocrx_word' id='word_1_182' title='bbox 673 3213 751 3278; x_wconf 86' lang='lat' dir='ltr'><strong>Viro</strong></span> <span class='ocrx_word' id='word_1_183' title='bbox 762 3213 945 3278; x_wconf 87' lang='lat' dir='ltr'><strong>amicissimo</strong></span> <span class='ocrx_word' id='word_1_184' title='bbox 958 3235 1006 3279; x_wconf 87' lang='lat' dir='ltr'><strong>me</strong></span> <span class='ocrx_word' id='word_1_185' title='bbox 1017 3214 1148 3280; x_wconf 90' lang='lat' dir='ltr'><strong>multum</strong></span> <span class='ocrx_word' id='word_1_186' title='bbox 1162 3214 1269 3280; x_wconf 88' lang='lat' dir='ltr'><strong>debere</strong></span> 
     </span>
     <span class='ocr_line' id='line_1_24' title="bbox 134 3328 402 3417; baseline 0.011 -24"><span class='ocrx_word' id='word_1_187' title='bbox 134 3328 234 3416; x_wconf 82' lang='lat' dir='ltr'><strong>palam</strong></span> <span class='ocrx_word' id='word_1_188' title='bbox 251 3330 402 3417; x_wconf 87' lang='lat' dir='ltr'><strong>profiteor.</strong></span> 
     </span>
    </p>

    <p class='ocr_par' dir='ltr' id='par_1_12' title="bbox 131 3448 1272 3990">
     <span class='ocr_line' id='line_1_25' title="bbox 180 3448 1271 3540; baseline 0.001 -26"><span class='ocrx_word' id='word_1_189' title='bbox 180 3449 220 3514; x_wconf 90' lang='lat' dir='ltr'><strong>In</strong></span> <span class='ocrx_word' id='word_1_190' title='bbox 236 3448 295 3514; x_wconf 89' lang='lat' dir='ltr'><strong>hoc</strong></span> <span class='ocrx_word' id='word_1_191' title='bbox 309 3457 410 3518; x_wconf 88' lang='lat' dir='ltr'><strong>autem</strong></span> <span class='ocrx_word' id='word_1_192' title='bbox 421 3451 568 3540; x_wconf 84' lang='lat' dir='ltr'><strong>Gatalogo</strong></span> <span class='ocrx_word' id='word_1_193' title='bbox 582 3453 789 3540; x_wconf 91' lang='lat' dir='ltr'><strong>componendo</strong></span> <span class='ocrx_word' id='word_1_194' title='bbox 801 3475 819 3518; x_wconf 88' lang='lat' dir='ltr'><strong>e</strong></span> <span class='ocrx_word' id='word_1_195' title='bbox 830 3475 919 3540; x_wconf 68' lang='lat' dir='ltr'><strong>supra</strong></span> <span class='ocrx_word' id='word_1_196' title='bbox 930 3453 1101 3520; x_wconf 88' lang='lat' dir='ltr'><strong>memoratis</strong></span> <span class='ocrx_word' id='word_1_197' title='bbox 1113 3451 1271 3536; x_wconf 85' lang='lat' dir='ltr'><strong>Catalogie</strong></span> 
     </span>
     <span class='ocr_line' id='line_1_26' title="bbox 131 3567 1267 3659; baseline 0 -27"><span class='ocrx_word' id='word_1_198' title='bbox 131 3567 213 3634; x_wconf 89' lang='lat' dir='ltr'><strong>hanc</strong></span> <span class='ocrx_word' id='word_1_199' title='bbox 236 3571 353 3636; x_wconf 86' lang='lat' dir='ltr'><strong>servavi</strong></span> <span class='ocrx_word' id='word_1_200' title='bbox 376 3571 570 3650; x_wconf 89' lang='lat' dir='ltr'><strong>divisionem,</strong></span> <span class='ocrx_word' id='word_1_201' title='bbox 596 3596 656 3659; x_wconf 92' lang='lat' dir='ltr'><strong>qua</strong></span> <span class='ocrx_word' id='word_1_202' title='bbox 683 3571 753 3637; x_wconf 85' lang='lat' dir='ltr'><strong>libri</strong></span> <span class='ocrx_word' id='word_1_203' title='bbox 777 3572 810 3636; x_wconf 92' lang='lat' dir='ltr'><strong>in</strong></span> <span class='ocrx_word' id='word_1_204' title='bbox 832 3571 942 3658; x_wconf 86' lang='lat' dir='ltr'><strong>Belgio</strong></span> <span class='ocrx_word' id='word_1_205' title='bbox 962 3571 1037 3636; x_wconf 92' lang='lat' dir='ltr'><strong>editi</strong></span> <span class='ocrx_word' id='word_1_206' title='bbox 1058 3570 1096 3636; x_wconf 92' lang='lat' dir='ltr'><strong>ab</strong></span> <span class='ocrx_word' id='word_1_207' title='bbox 1116 3570 1192 3648; x_wconf 85' lang='lat' dir='ltr'><strong>illis,</strong></span> <span class='ocrx_word' id='word_1_208' title='bbox 1214 3570 1267 3654; x_wconf 93' lang='lat' dir='ltr'><strong>qui</strong></span> 
     </span>
     <span class='ocr_line' id='line_1_27' title="bbox 131 3688 1269 3778; baseline -0.002 -24"><span class='ocrx_word' id='word_1_209' title='bbox 131 3689 207 3754; x_wconf 78' lang='lat' dir='ltr'><strong>loris</strong></span> <span class='ocrx_word' id='word_1_210' title='bbox 230 3689 369 3774; x_wconf 84' lang='lat' dir='ltr'><strong>impressi</strong></span> <span class='ocrx_word' id='word_1_211' title='bbox 392 3696 475 3767; x_wconf 87' lang='lat' dir='ltr'><strong>suut,</strong></span> <span class='ocrx_word' id='word_1_212' title='bbox 495 3697 678 3778; x_wconf 83' lang='lat' dir='ltr'><strong>separantur.</strong></span> <span class='ocrx_word' id='word_1_213' title='bbox 710 3689 764 3754; x_wconf 89' lang='lat' dir='ltr'><strong>llli</strong></span> <span class='ocrx_word' id='word_1_214' title='bbox 784 3689 865 3754; x_wconf 89' lang='lat' dir='ltr'><strong>euim</strong></span> <span class='ocrx_word' id='word_1_215' title='bbox 881 3689 1059 3754; x_wconf 87' lang='lat' dir='ltr'><strong>continuum</strong></span> <span class='ocrx_word' id='word_1_216' title='bbox 1076 3690 1175 3774; x_wconf 89' lang='lat' dir='ltr'><strong>magis</strong></span> <span class='ocrx_word' id='word_1_217' title='bbox 1187 3688 1269 3754; x_wconf 89' lang='lat' dir='ltr'><strong>ordi-</strong></span> 
     </span>
     <span class='ocr_line' id='line_1_28' title="bbox 131 3789 1272 3895; baseline 0.001 -25"><span class='ocrx_word' id='word_1_218' title='bbox 131 3829 202 3872; x_wconf 88' lang='lat' dir='ltr'><strong>nem</strong></span> <span class='ocrx_word' id='word_1_219' title='bbox 230 3789 369 3872; x_wconf 84' lang='lat' dir='ltr'><strong>efficiunt</strong></span> <span class='ocrx_word' id='word_1_220' title='bbox 394 3812 436 3885; x_wconf 89' lang='lat' dir='ltr'><strong>et,</strong></span> <span class='ocrx_word' id='word_1_221' title='bbox 459 3808 484 3872; x_wconf 88' lang='lat' dir='ltr'><strong>si</strong></span> <span class='ocrx_word' id='word_1_222' title='bbox 510 3830 622 3895; x_wconf 87' lang='lat' dir='ltr'><strong>paucos</strong></span> <span class='ocrx_word' id='word_1_223' title='bbox 641 3807 791 3895; x_wconf 83' lang='lat' dir='ltr'><strong>excipias,</strong></span> <span class='ocrx_word' id='word_1_224' title='bbox 810 3806 912 3872; x_wconf 74' lang='lat' dir='ltr'><strong>misius</strong></span> <span class='ocrx_word' id='word_1_225' title='bbox 933 3829 1022 3892; x_wconf 89' lang='lat' dir='ltr'><strong>quam</strong></span> <span class='ocrx_word' id='word_1_226' title='bbox 1042 3807 1152 3893; x_wconf 92' lang='lat' dir='ltr'><strong>reliqui</strong></span> <span class='ocrx_word' id='word_1_227' title='bbox 1175 3807 1272 3894; x_wconf 80' lang='lat' dir='ltr'><strong>vulgo</strong></span> 
     </span>
     <span class='ocr_line' id='line_1_29' title="bbox 132 3926 303 3990; baseline -0.006 0"><span class='ocrx_word' id='word_1_228' title='bbox 132 3926 197 3990; x_wconf 89' lang='lat' dir='ltr'><strong>noti</strong></span> <span class='ocrx_word' id='word_1_229' title='bbox 222 3931 303 3990; x_wconf 83' lang='lat' dir='ltr'><strong>suut.</strong></span> 
     </span>
    </p>

    <p class='ocr_par' dir='ltr' id='par_1_13' title="bbox 108 4043 1271 4260">
     <span class='ocr_line' id='line_1_30' title="bbox 177 4043 1271 4130; baseline 0 -20"><span class='ocrx_word' id='word_1_230' title='bbox 177 4043 355 4110; x_wconf 83' lang='lat' dir='ltr'><strong>Admodum</strong></span> <span class='ocrx_word' id='word_1_231' title='bbox 378 4050 457 4110; x_wconf 87' lang='lat' dir='ltr'><strong>certe</strong></span> <span class='ocrx_word' id='word_1_232' title='bbox 473 4044 602 4130; x_wconf 84' lang='lat' dir='ltr'><strong>exiguus</strong></span> <span class='ocrx_word' id='word_1_233' title='bbox 621 4048 668 4108; x_wconf 88' lang='lat' dir='ltr'><strong>est</strong></span> <span class='ocrx_word' id='word_1_234' title='bbox 679 4067 781 4108; x_wconf 86' lang='lat' dir='ltr'><strong>eorum</strong></span> <span class='ocrx_word' id='word_1_235' title='bbox 794 4067 949 4118; x_wconf 87' lang='lat' dir='ltr'><strong>numerus,</strong></span> <span class='ocrx_word' id='word_1_236' title='bbox 960 4065 1085 4130; x_wconf 90' lang='lat' dir='ltr'><strong>quorum</strong></span> <span class='ocrx_word' id='word_1_237' title='bbox 1099 4050 1271 4110; x_wconf 85' lang='lat' dir='ltr'><strong>accuratum</strong></span> 
     </span>
     <span class='ocr_line' id='line_1_31' title="bbox 108 4161 1270 4260; baseline 0 -32"><span class='ocrx_word' id='word_1_238' title='bbox 108 4256 109 4260; x_wconf 7' lang='grc' dir='ltr'><strong>Ἰ</strong></span> <span class='ocrx_word' id='word_1_239' title='bbox 131 4163 365 4252; x_wconf 86' lang='lat' dir='ltr'><strong>descriptionem</strong></span> <span class='ocrx_word' id='word_1_240' title='bbox 388 4163 420 4228; x_wconf 93' lang='lat' dir='ltr'><strong>in</strong></span> <span class='ocrx_word' id='word_1_241' title='bbox 444 4161 663 4230; x_wconf 86' lang='lat' dir='ltr'><strong>universalibus</strong></span> <span class='ocrx_word' id='word_1_242' title='bbox 682 4163 746 4228; x_wconf 87' lang='lat' dir='ltr'><strong>suis</strong></span> <span class='ocrx_word' id='word_1_243' title='bbox 763 4163 912 4252; x_wconf 88' lang='lat' dir='ltr'><strong>Operibus</strong></span> <span class='ocrx_word' id='word_1_244' title='bbox 932 4163 1082 4230; x_wconf 90' lang='lat' dir='ltr'><strong>dederuut</strong></span> <span class='ocrx_word' id='word_1_245' title='bbox 1101 4163 1270 4230; x_wconf 88' lang='lat' dir='ltr'><strong>doctissimi</strong></span> 
     </span>
    </p>
   </div>
   <div class='ocr_carea' id='block_1_10' title="bbox 0 0 1596 5166">
    <p class='ocr_par' dir='ltr' id='par_1_14' title="bbox 0 0 1596 5166">
     <span class='ocr_line' id='line_1_32' title="bbox 0 0 1596 5166; baseline 0 0"><span class='ocrx_word' id='word_1_246' title='bbox 0 0 1596 5166; x_wconf 95' lang='lat' dir='ltr'><strong> </strong></span> 
     </span>
    </p>
   </div>
  </div>
 </body>
</html>
