<?xml version="1.0" encoding="UTF-8"?>
<!DOCTYPE html PUBLIC "-//W3C//DTD XHTML 1.0 Transitional//EN"
    "http://www.w3.org/TR/xhtml1/DTD/xhtml1-transitional.dtd">
<html xmlns="http://www.w3.org/1999/xhtml" xml:lang="en" lang="en">
 <head>
  <title>
</title>
<meta http-equiv="Content-Type" content="text/html;charset=utf-8" />
  <meta name='ocr-system' content='tesseract 3.04.00' />
  <meta name='ocr-capabilities' content='ocr_page ocr_carea ocr_par ocr_line ocrx_word'/>
</head>
<body>
  <div class='ocr_page' id='page_1' title='image "./cataloguslibror00holtgoog/cataloguslibror00holtgoog_0022.png"; bbox 0 0 3184 5166; ppageno 0'>
   <div class='ocr_carea' id='block_1_1' title="bbox 1221 575 1282 620">
    <p class='ocr_par' dir='ltr' id='par_1_1' title="bbox 1221 575 1282 620">
     <span class='ocr_line' id='line_1_1' title="bbox 1221 575 1282 620; baseline 0 -2"><span class='ocrx_word' id='word_1_1' title='bbox 1221 575 1282 620; x_wconf 83' lang='lat' dir='ltr'>xm</span> 
     </span>
    </p>
   </div>
   <div class='ocr_carea' id='block_1_2' title="bbox 144 736 1288 4042">
    <p class='ocr_par' dir='ltr' id='par_1_2' title="bbox 144 736 1285 2136">
     <span class='ocr_line' id='line_1_2' title="bbox 146 736 1281 824; baseline -0.002 -20"><span class='ocrx_word' id='word_1_2' title='bbox 146 739 192 804; x_wconf 88' lang='lat' dir='ltr'>uti</span> <span class='ocrx_word' id='word_1_3' title='bbox 216 736 333 804; x_wconf 87' lang='lat' dir='ltr'>soleret.</span> <span class='ocrx_word' id='word_1_4' title='bbox 373 737 537 824; x_wconf 89' lang='lat' dir='ltr'>Postquam</span> <span class='ocrx_word' id='word_1_5' title='bbox 563 737 620 802; x_wconf 85' lang='lat' dir='ltr'>Vir</span> <span class='ocrx_word' id='word_1_6' title='bbox 643 737 848 815; x_wconf 87' lang='lat' dir='ltr'>doctissimus,</span> <span class='ocrx_word' id='word_1_7' title='bbox 866 738 918 824; x_wconf 91' lang='lat' dir='ltr'>qui</span> <span class='ocrx_word' id='word_1_8' title='bbox 937 736 1142 804; x_wconf 75' lang='lat' dir='ltr'><strong>Bibliothecae</strong></span> <span class='ocrx_word' id='word_1_9' title='bbox 1164 737 1281 804; x_wconf 80' lang='lat' dir='ltr'>Acade-</span> 
     </span>
     <span class='ocr_line' id='line_1_3' title="bbox 144 856 1281 946; baseline -0.002 -22"><span class='ocrx_word' id='word_1_10' title='bbox 144 859 243 924; x_wconf 86' lang='lat' dir='ltr'>micae</span> <span class='ocrx_word' id='word_1_11' title='bbox 265 859 426 946; x_wconf 89' lang='lat' dir='ltr'>Ultrajecti</span> <span class='ocrx_word' id='word_1_12' title='bbox 444 865 575 946; x_wconf 66' lang='lat' dir='ltr'>praeest,</span> <span class='ocrx_word' id='word_1_13' title='bbox 598 856 741 924; x_wconf 84' lang='lat' dir='ltr'>benevole</span> <span class='ocrx_word' id='word_1_14' title='bbox 764 856 875 922; x_wconf 85' lang='lat' dir='ltr'>librum</span> <span class='ocrx_word' id='word_1_15' title='bbox 887 856 962 922; x_wconf 91' lang='lat' dir='ltr'>mihi</span> <span class='ocrx_word' id='word_1_16' title='bbox 975 857 1281 944; x_wconf 82' lang='lat' dir='ltr'>commodavitinspi·</span> 
     </span>
     <span class='ocr_line' id='line_1_4' title="bbox 147 974 1283 1064; baseline -0.001 -22"><span class='ocrx_word' id='word_1_17' title='bbox 147 977 302 1056; x_wconf 85' lang='lat' dir='ltr'>ciendum,</span> <span class='ocrx_word' id='word_1_18' title='bbox 325 975 449 1044; x_wconf 87' lang='lat' dir='ltr'>etmihi</span> <span class='ocrx_word' id='word_1_19' title='bbox 472 983 503 1044; x_wconf 90' lang='lat' dir='ltr'>et</span> <span class='ocrx_word' id='word_1_20' title='bbox 521 999 591 1043; x_wconf 87' lang='lat' dir='ltr'>vero</span> <span class='ocrx_word' id='word_1_21' title='bbox 602 974 708 1042; x_wconf 87' lang='lat' dir='ltr'>harum</span> <span class='ocrx_word' id='word_1_22' title='bbox 719 997 818 1042; x_wconf 89' lang='lat' dir='ltr'>rarum</span> <span class='ocrx_word' id='word_1_23' title='bbox 829 977 1024 1063; x_wconf 75' lang='lat' dir='ltr'>sagacissimo</span> <span class='ocrx_word' id='word_1_24' title='bbox 1036 975 1191 1064; x_wconf 85' lang='lat' dir='ltr'>Campbell</span> <span class='ocrx_word' id='word_1_25' title='bbox 1201 975 1283 1041; x_wconf 89' lang='lat' dir='ltr'>haud</span> 
     </span>
     <span class='ocr_line' id='line_1_5' title="bbox 147 1093 1284 1183; baseline 0 -23"><span class='ocrx_word' id='word_1_26' title='bbox 147 1095 275 1161; x_wconf 91' lang='lat' dir='ltr'>dubium</span> <span class='ocrx_word' id='word_1_27' title='bbox 298 1119 361 1162; x_wconf 84' lang='lat' dir='ltr'>esse</span> <span class='ocrx_word' id='word_1_28' title='bbox 381 1095 515 1174; x_wconf 84' lang='lat' dir='ltr'>ridetur,</span> <span class='ocrx_word' id='word_1_29' title='bbox 537 1096 612 1182; x_wconf 89' lang='lat' dir='ltr'>quin</span> <span class='ocrx_word' id='word_1_30' title='bbox 627 1093 717 1181; x_wconf 86' lang='lat' dir='ltr'>hujus</span> <span class='ocrx_word' id='word_1_31' title='bbox 736 1094 806 1160; x_wconf 87' lang='lat' dir='ltr'>libri</span> <span class='ocrx_word' id='word_1_32' title='bbox 829 1095 986 1182; x_wconf 79' lang='lat' dir='ltr'><strong>impressio</strong></span> <span class='ocrx_word' id='word_1_33' title='bbox 1010 1093 1284 1183; x_wconf 85' lang='lat' dir='ltr'>longeposterioris</span> 
     </span>
     <span class='ocr_line' id='line_1_6' title="bbox 146 1212 1283 1302; baseline -0.002 -22"><span class='ocrx_word' id='word_1_34' title='bbox 146 1217 188 1280; x_wconf 89' lang='lat' dir='ltr'>sit</span> <span class='ocrx_word' id='word_1_35' title='bbox 210 1216 369 1302; x_wconf 87' lang='lat' dir='ltr'>temporis,</span> <span class='ocrx_word' id='word_1_36' title='bbox 392 1237 520 1301; x_wconf 86' lang='lat' dir='ltr'>eumque</span> <span class='ocrx_word' id='word_1_37' title='bbox 539 1237 633 1280; x_wconf 90' lang='lat' dir='ltr'>unum</span> <span class='ocrx_word' id='word_1_38' title='bbox 658 1237 722 1280; x_wconf 82' lang='lat' dir='ltr'>esse</span> <span class='ocrx_word' id='word_1_39' title='bbox 744 1236 781 1280; x_wconf 84' lang='lat' dir='ltr'>ex</span> <span class='ocrx_word' id='word_1_40' title='bbox 806 1212 867 1292; x_wconf 91' lang='lat' dir='ltr'>his,</span> <span class='ocrx_word' id='word_1_41' title='bbox 887 1215 940 1301; x_wconf 91' lang='lat' dir='ltr'>qui</span> <span class='ocrx_word' id='word_1_42' title='bbox 960 1237 979 1280; x_wconf 90' lang='lat' dir='ltr'>a</span> <span class='ocrx_word' id='word_1_43' title='bbox 1001 1213 1283 1280; x_wconf 80' lang='lat' dir='ltr'>Theodoriooiutra</span> 
     </span>
     <span class='ocr_line' id='line_1_7' title="bbox 147 1332 1283 1420; baseline -0.002 -20"><span class='ocrx_word' id='word_1_44' title='bbox 147 1357 244 1400; x_wconf 85' lang='lat' dir='ltr'>annos</span> <span class='ocrx_word' id='word_1_45' title='bbox 272 1337 500 1400; x_wconf 76' lang='lat' dir='ltr'>meo-1500</span> <span class='ocrx_word' id='word_1_46' title='bbox 528 1340 600 1400; x_wconf 86' lang='lat' dir='ltr'>sunt</span> <span class='ocrx_word' id='word_1_47' title='bbox 631 1333 714 1400; x_wconf 90' lang='lat' dir='ltr'>editi.</span> <span class='ocrx_word' id='word_1_48' title='bbox 766 1332 906 1398; x_wconf 74' lang='lat' dir='ltr'><strong>Forsitan</strong></span> <span class='ocrx_word' id='word_1_49' title='bbox 932 1333 1013 1398; x_wconf 89' lang='lat' dir='ltr'>inter</span> <span class='ocrx_word' id='word_1_50' title='bbox 1037 1332 1283 1420; x_wconf 88' lang='lat' dir='ltr'>imprimendum,</span> 
     </span>
     <span class='ocr_line' id='line_1_8' title="bbox 146 1451 1284 1542; baseline 0 -24"><span class='ocrx_word' id='word_1_51' title='bbox 146 1453 230 1540; x_wconf 90' lang='lat' dir='ltr'>quod</span> <span class='ocrx_word' id='word_1_52' title='bbox 250 1455 361 1520; x_wconf 77' lang='lat' dir='ltr'>temerb</span> <span class='ocrx_word' id='word_1_53' title='bbox 376 1453 441 1519; x_wconf 90' lang='lat' dir='ltr'>fieri</span> <span class='ocrx_word' id='word_1_54' title='bbox 464 1459 578 1542; x_wconf 88' lang='lat' dir='ltr'>potest,</span> <span class='ocrx_word' id='word_1_55' title='bbox 601 1451 777 1541; x_wconf 87' lang='lat' dir='ltr'>posteriores</span> <span class='ocrx_word' id='word_1_56' title='bbox 799 1453 865 1540; x_wconf 78' lang='lat' dir='ltr'>typi</span> <span class='ocrx_word' id='word_1_57' title='bbox 885 1453 998 1518; x_wconf 87' lang='lat' dir='ltr'>fuerint</span> <span class='ocrx_word' id='word_1_58' title='bbox 1016 1452 1130 1520; x_wconf 74' lang='lat' dir='ltr'>turbati</span> <span class='ocrx_word' id='word_1_59' title='bbox 1150 1459 1195 1532; x_wconf 91' lang='lat' dir='ltr'>et,</span> <span class='ocrx_word' id='word_1_60' title='bbox 1215 1474 1284 1518; x_wconf 90' lang='lat' dir='ltr'>cum</span> 
     </span>
     <span class='ocr_line' id='line_1_9' title="bbox 146 1570 1284 1659; baseline -0.001 -21"><span class='ocrx_word' id='word_1_61' title='bbox 146 1571 391 1650; x_wconf 71' lang='lat' dir='ltr'>restituerentur,</span> <span class='ocrx_word' id='word_1_62' title='bbox 405 1572 501 1638; x_wconf 84' lang='lat' dir='ltr'>forma</span> <span class='ocrx_word' id='word_1_63' title='bbox 522 1577 541 1638; x_wconf 91' lang='grc'>9</span> <span class='ocrx_word' id='word_1_64' title='bbox 563 1571 683 1638; x_wconf 82' lang='lat' dir='ltr'>inversa</span> <span class='ocrx_word' id='word_1_65' title='bbox 697 1571 738 1636; x_wconf 87' lang='lat' dir='ltr'>sit</span> <span class='ocrx_word' id='word_1_66' title='bbox 749 1576 859 1658; x_wconf 88' lang='lat' dir='ltr'>etpost</span> <span class='ocrx_word' id='word_1_67' title='bbox 873 1575 890 1638; x_wconf 85' lang='grc'><strong>7</strong></span> <span class='ocrx_word' id='word_1_68' title='bbox 904 1572 1010 1659; x_wconf 84' lang='lat' dir='ltr'>posita</span> <span class='ocrx_word' id='word_1_69' title='bbox 1034 1570 1105 1636; x_wconf 92' lang='lat' dir='ltr'>Hoc</span> <span class='ocrx_word' id='word_1_70' title='bbox 1115 1572 1160 1637; x_wconf 83' lang='lat' dir='ltr'>its</span> <span class='ocrx_word' id='word_1_71' title='bbox 1170 1573 1284 1638; x_wconf 83' lang='lat' dir='ltr'>iactum</span> 
     </span>
     <span class='ocr_line' id='line_1_10' title="bbox 147 1689 1285 1779; baseline -0.001 -22"><span class='ocrx_word' id='word_1_72' title='bbox 147 1714 213 1758; x_wconf 89' lang='lat' dir='ltr'>esse</span> <span class='ocrx_word' id='word_1_73' title='bbox 236 1691 461 1779; x_wconf 82' lang='lat' dir='ltr'>comprobatum</span> <span class='ocrx_word' id='word_1_74' title='bbox 483 1697 530 1756; x_wconf 89' lang='lat' dir='ltr'>est</span> <span class='ocrx_word' id='word_1_75' title='bbox 549 1690 691 1767; x_wconf 89' lang='lat' dir='ltr'>collecto,</span> <span class='ocrx_word' id='word_1_76' title='bbox 710 1689 749 1755; x_wconf 89' lang='lat' dir='ltr'>ab</span> <span class='ocrx_word' id='word_1_77' title='bbox 772 1689 954 1756; x_wconf 80' lang='lat' dir='ltr'>amicissimo</span> <span class='ocrx_word' id='word_1_78' title='bbox 967 1690 1043 1756; x_wconf 84' lang='lat' dir='ltr'>Viro</span> <span class='ocrx_word' id='word_1_79' title='bbox 1055 1689 1177 1756; x_wconf 88' lang='lat' dir='ltr'>doctore</span> <span class='ocrx_word' id='word_1_80' title='bbox 1188 1691 1238 1756; x_wconf 89' lang='lat' dir='ltr'>W.</span> <span class='ocrx_word' id='word_1_81' title='bbox 1251 1691 1285 1756; x_wconf 79' lang='lat' dir='ltr'>P.</span> 
     </span>
     <span class='ocr_line' id='line_1_11' title="bbox 148 1808 1285 1899; baseline -0.002 -23"><span class='ocrx_word' id='word_1_82' title='bbox 148 1811 265 1898; x_wconf 82' lang='lat' dir='ltr'>Schey,</span> <span class='ocrx_word' id='word_1_83' title='bbox 291 1811 453 1899; x_wconf 87' lang='lat' dir='ltr'>exemplari</span> <span class='ocrx_word' id='word_1_84' title='bbox 483 1811 516 1876; x_wconf 89' lang='lat' dir='ltr'>in</span> <span class='ocrx_word' id='word_1_85' title='bbox 538 1808 720 1876; x_wconf 76' lang='lat' dir='ltr'>bibliotheca</span> <span class='ocrx_word' id='word_1_86' title='bbox 742 1809 904 1876; x_wconf 86' lang='lat' dir='ltr'>Leodieusi</span> <span class='ocrx_word' id='word_1_87' title='bbox 924 1815 1053 1887; x_wconf 87' lang='lat' dir='ltr'>servato,</span> <span class='ocrx_word' id='word_1_88' title='bbox 1075 1809 1158 1896; x_wconf 92' lang='lat' dir='ltr'>quod</span> <span class='ocrx_word' id='word_1_89' title='bbox 1180 1809 1285 1874; x_wconf 88' lang='lat' dir='ltr'>Ultra·</span> 
     </span>
     <span class='ocr_line' id='line_1_12' title="bbox 145 1929 1285 2018; baseline -0.003 -21"><span class='ocrx_word' id='word_1_90' title='bbox 145 1931 262 2016; x_wconf 85' lang='lat' dir='ltr'>jectino</span> <span class='ocrx_word' id='word_1_91' title='bbox 291 1929 430 1996; x_wconf 89' lang='lat' dir='ltr'>omnibus</span> <span class='ocrx_word' id='word_1_92' title='bbox 448 1930 583 1996; x_wconf 89' lang='lat' dir='ltr'>numeris</span> <span class='ocrx_word' id='word_1_93' title='bbox 600 1953 655 2017; x_wconf 85' lang='lat' dir='ltr'>pur</span> <span class='ocrx_word' id='word_1_94' title='bbox 677 1935 734 2008; x_wconf 86' lang='lat' dir='ltr'>est,</span> <span class='ocrx_word' id='word_1_95' title='bbox 753 1936 961 2018; x_wconf 70' lang='lat' dir='ltr'>praeterquam</span> <span class='ocrx_word' id='word_1_96' title='bbox 979 1929 1061 2016; x_wconf 90' lang='lat' dir='ltr'>quod</span> <span class='ocrx_word' id='word_1_97' title='bbox 1079 1931 1118 2015; x_wconf 43' lang='lat' dir='ltr'>in,</span> <span class='ocrx_word' id='word_1_98' title='bbox 1136 1931 1211 2008; x_wconf 89' lang='lat' dir='ltr'>fine,</span> <span class='ocrx_word' id='word_1_99' title='bbox 1230 1953 1285 2018; x_wconf 85' lang='lat' dir='ltr'>pro</span> 
     </span>
     <span class='ocr_line' id='line_1_13' title="bbox 150 2049 613 2136; baseline -0.002 -21"><span class='ocrx_word' id='word_1_100' title='bbox 150 2073 229 2115; x_wconf 88' lang='lat' dir='ltr'>anno</span> <span class='ocrx_word' id='word_1_101' title='bbox 254 2051 360 2130; x_wconf 79' lang='lat'>1476,</span> <span class='ocrx_word' id='word_1_102' title='bbox 377 2049 490 2136; x_wconf 83' lang='lat' dir='ltr'>legitur</span> <span class='ocrx_word' id='word_1_103' title='bbox 515 2052 613 2116; x_wconf 76' lang='lat'>1497.</span> 
     </span>
    </p>

    <p class='ocr_par' dir='ltr' id='par_1_3' title="bbox 145 2166 1286 3567">
     <span class='ocr_line' id='line_1_14' title="bbox 195 2166 1284 2256; baseline -0.001 -22"><span class='ocrx_word' id='word_1_104' title='bbox 195 2169 267 2234; x_wconf 91' lang='lat' dir='ltr'>Hac</span> <span class='ocrx_word' id='word_1_105' title='bbox 289 2168 323 2234; x_wconf 89' lang='lat' dir='ltr'>in</span> <span class='ocrx_word' id='word_1_106' title='bbox 345 2190 379 2233; x_wconf 92' lang='lat' dir='ltr'>re</span> <span class='ocrx_word' id='word_1_107' title='bbox 397 2169 507 2232; x_wconf 87' lang='lat' dir='ltr'>mirum</span> <span class='ocrx_word' id='word_1_108' title='bbox 526 2173 572 2234; x_wconf 86' lang='lat' dir='ltr'>est</span> <span class='ocrx_word' id='word_1_109' title='bbox 590 2189 681 2254; x_wconf 86' lang='lat' dir='ltr'>quom</span> <span class='ocrx_word' id='word_1_110' title='bbox 701 2166 825 2234; x_wconf 82' lang='lat' dir='ltr'>adversa</span> <span class='ocrx_word' id='word_1_111' title='bbox 847 2169 1030 2256; x_wconf 85' lang='lat' dir='ltr'>Autverpiae</span> <span class='ocrx_word' id='word_1_112' title='bbox 1049 2168 1140 2236; x_wconf 71' lang='lat' dir='ltr'>buerit</span> <span class='ocrx_word' id='word_1_113' title='bbox 1154 2169 1284 2234; x_wconf 81' lang='lat' dir='ltr'>fortuna.</span> 
     </span>
     <span class='ocr_line' id='line_1_15' title="bbox 151 2284 1285 2375; baseline 0.002 -23"><span class='ocrx_word' id='word_1_114' title='bbox 151 2287 314 2372; x_wconf 87' lang='lat' dir='ltr'>Postquam</span> <span class='ocrx_word' id='word_1_115' title='bbox 341 2285 422 2350; x_wconf 90' lang='lat' dir='ltr'>euim</span> <span class='ocrx_word' id='word_1_116' title='bbox 453 2285 547 2350; x_wconf 88' lang='lat' dir='ltr'>editio</span> <span class='ocrx_word' id='word_1_117' title='bbox 566 2285 636 2351; x_wconf 87' lang='lat' dir='ltr'>libri</span> <span class='ocrx_word' id='word_1_118' title='bbox 667 2312 684 2344; x_wconf 80' lang='lat' dir='ltr'><em>n</em></span> <span class='ocrx_word' id='word_1_119' title='bbox 699 2284 855 2352; x_wconf 80' lang='lat' dir='ltr'>&#39;l&#39;ondelus</span> <span class='ocrx_word' id='word_1_120' title='bbox 877 2287 1002 2352; x_wconf 88' lang='lat' dir='ltr'>visioen.</span> <span class='ocrx_word' id='word_1_121' title='bbox 1032 2288 1230 2375; x_wconf 87' lang='lat' dir='ltr'>Autwerpen,</span> <span class='ocrx_word' id='word_1_122' title='bbox 1253 2287 1285 2354; x_wconf 94' lang='lat' dir='ltr'>bi</span> 
     </span>
     <span class='ocr_line' id='line_1_16' title="bbox 153 2403 1286 2495; baseline 0.005 -27"><span class='ocrx_word' id='word_1_123' title='bbox 153 2403 194 2468; x_wconf 79' lang='lat' dir='ltr'>M.</span> <span class='ocrx_word' id='word_1_124' title='bbox 216 2426 279 2470; x_wconf 88' lang='lat' dir='ltr'>van</span> <span class='ocrx_word' id='word_1_125' title='bbox 301 2403 355 2468; x_wconf 89' lang='lat' dir='ltr'>der</span> <span class='ocrx_word' id='word_1_126' title='bbox 378 2404 466 2472; x_wconf 69' lang='lat' dir='ltr'>Gom.</span> <span class='ocrx_word' id='word_1_127' title='bbox 490 2407 588 2471; x_wconf 77' lang='lat'>1472.</span> <span class='ocrx_word' id='word_1_128' title='bbox 600 2405 633 2469; x_wconf 92' lang='lat' dir='ltr'>iu</span> <span class='ocrx_word' id='word_1_129' title='bbox 646 2403 714 2469; x_wconf 81' lang='lat'>4⁰.’&#39;</span> <span class='ocrx_word' id='word_1_130' title='bbox 734 2404 824 2470; x_wconf 91' lang='lat' dir='ltr'>fidem</span> <span class='ocrx_word' id='word_1_131' title='bbox 835 2405 954 2472; x_wconf 86' lang='lat' dir='ltr'>fecisset</span> <span class='ocrx_word' id='word_1_132' title='bbox 965 2412 1058 2472; x_wconf 87' lang='lat' dir='ltr'>artem</span> <span class='ocrx_word' id='word_1_133' title='bbox 1069 2407 1286 2495; x_wconf 81' lang='lat' dir='ltr'>typographiae</span> 
     </span>
     <span class='ocr_line' id='line_1_17' title="bbox 158 2524 1286 2612; baseline 0.004 -24"><span class='ocrx_word' id='word_1_134' title='bbox 158 2545 189 2588; x_wconf 88' lang='lat' dir='ltr'>eo</span> <span class='ocrx_word' id='word_1_135' title='bbox 212 2545 295 2590; x_wconf 86' lang='lat' dir='ltr'>anno</span> <span class='ocrx_word' id='word_1_136' title='bbox 318 2525 500 2612; x_wconf 79' lang='lat' dir='ltr'>Antverpiac</span> <span class='ocrx_word' id='word_1_137' title='bbox 528 2524 659 2590; x_wconf 81' lang='lat' dir='ltr'>exerceri</span> <span class='ocrx_word' id='word_1_138' title='bbox 691 2525 836 2612; x_wconf 88' lang='lat' dir='ltr'>coepisse,</span> <span class='ocrx_word' id='word_1_139' title='bbox 861 2547 945 2590; x_wconf 89' lang='lat' dir='ltr'>nunc</span> <span class='ocrx_word' id='word_1_140' title='bbox 968 2531 1100 2605; x_wconf 88' lang='lat' dir='ltr'>constet,</span> <span class='ocrx_word' id='word_1_141' title='bbox 1124 2526 1216 2612; x_wconf 90' lang='lat' dir='ltr'>idque</span> <span class='ocrx_word' id='word_1_142' title='bbox 1239 2527 1286 2592; x_wconf 89' lang='lat' dir='ltr'>La</span> 
     </span>
     <span class='ocr_line' id='line_1_18' title="bbox 155 2643 1285 2735; baseline 0.002 -25"><span class='ocrx_word' id='word_1_143' title='bbox 155 2643 244 2711; x_wconf 79' lang='lat' dir='ltr'>Serna</span> <span class='ocrx_word' id='word_1_144' title='bbox 267 2645 436 2712; x_wconf 82' lang='lat' dir='ltr'>Sautender</span> <span class='ocrx_word' id='word_1_145' title='bbox 453 2647 519 2734; x_wconf 90' lang='lat' dir='ltr'>ipse</span> <span class='ocrx_word' id='word_1_146' title='bbox 539 2647 714 2726; x_wconf 86' lang='lat' dir='ltr'>confitetur,</span> <span class='ocrx_word' id='word_1_147' title='bbox 736 2647 770 2712; x_wconf 91' lang='lat' dir='ltr'>in</span> <span class='ocrx_word' id='word_1_148' title='bbox 793 2647 916 2712; x_wconf 87' lang='lat' dir='ltr'>laudata</span> <span class='ocrx_word' id='word_1_149' title='bbox 939 2647 1158 2735; x_wconf 76' lang='lat' dir='ltr'>subscriptione</span> <span class='ocrx_word' id='word_1_150' title='bbox 1176 2649 1285 2714; x_wconf 80' lang='lat' dir='ltr'>vitium</span> 
     </span>
     <span class='ocr_line' id='line_1_19' title="bbox 151 2761 1286 2856; baseline 0.003 -26"><span class='ocrx_word' id='word_1_151' title='bbox 151 2761 242 2830; x_wconf 86' lang='lat' dir='ltr'>latere</span> <span class='ocrx_word' id='word_1_152' title='bbox 277 2765 528 2854; x_wconf 79' lang='lat' dir='ltr'>typographicum</span> <span class='ocrx_word' id='word_1_153' title='bbox 564 2773 595 2832; x_wconf 89' lang='lat' dir='ltr'>et</span> <span class='ocrx_word' id='word_1_154' title='bbox 629 2789 684 2855; x_wconf 89' lang='lat' dir='ltr'>pro</span> <span class='ocrx_word' id='word_1_155' title='bbox 716 2765 991 2832; x_wconf 83' lang='lat' dir='ltr'>MOOCGLXXH</span> <span class='ocrx_word' id='word_1_156' title='bbox 1025 2767 1188 2856; x_wconf 82' lang='lat' dir='ltr'>legendum</span> <span class='ocrx_word' id='word_1_157' title='bbox 1222 2789 1286 2833; x_wconf 85' lang='lat' dir='ltr'>esse</span> 
     </span>
     <span class='ocr_line' id='line_1_20' title="bbox 151 2881 1286 2973; baseline 0.003 -25"><span class='ocrx_word' id='word_1_158' title='bbox 151 2881 466 2950; x_wconf 77' lang='lat' dir='ltr'>Mooconxxxn.</span> <span class='ocrx_word' id='word_1_159' title='bbox 514 2885 634 2951; x_wconf 87' lang='lat' dir='ltr'>Deinde</span> <span class='ocrx_word' id='word_1_160' title='bbox 668 2890 962 2973; x_wconf 85' lang='lat' dir='ltr'>supramemoratus</span> <span class='ocrx_word' id='word_1_161' title='bbox 985 2885 1062 2952; x_wconf 87' lang='lat' dir='ltr'>liber</span> <span class='ocrx_word' id='word_1_162' title='bbox 1085 2884 1286 2952; x_wconf 80' lang='lat' dir='ltr'>nThesaurus</span> 
     </span>
     <span class='ocr_line' id='line_1_21' title="bbox 149 3001 1286 3092; baseline 0.002 -24"><span class='ocrx_word' id='word_1_163' title='bbox 149 3001 337 3089; x_wconf 76' lang='lat' dir='ltr'>pauperum”</span> <span class='ocrx_word' id='word_1_164' title='bbox 356 3026 474 3070; x_wconf 88' lang='lat' dir='ltr'>causam</span> <span class='ocrx_word' id='word_1_165' title='bbox 495 3003 646 3092; x_wconf 82' lang='lat' dir='ltr'>praebuit,</span> <span class='ocrx_word' id='word_1_166' title='bbox 664 3025 756 3091; x_wconf 89' lang='lat' dir='ltr'>quare</span> <span class='ocrx_word' id='word_1_167' title='bbox 767 3027 822 3092; x_wconf 92' lang='lat' dir='ltr'>pro</span> <span class='ocrx_word' id='word_1_168' title='bbox 834 3010 916 3070; x_wconf 92' lang='lat' dir='ltr'>certo</span> <span class='ocrx_word' id='word_1_169' title='bbox 927 3011 1122 3083; x_wconf 76' lang='lat' dir='ltr'>statueretur,</span> <span class='ocrx_word' id='word_1_170' title='bbox 1134 3027 1214 3071; x_wconf 90' lang='lat' dir='ltr'>auno</span> <span class='ocrx_word' id='word_1_171' title='bbox 1226 3005 1286 3070; x_wconf 88' lang='lat' dir='ltr'>sal-</span> 
     </span>
     <span class='ocr_line' id='line_1_22' title="bbox 149 3121 1284 3211; baseline 0.004 -27"><span class='ocrx_word' id='word_1_172' title='bbox 149 3123 209 3184; x_wconf 87' lang='lat' dir='ltr'>tem</span> <span class='ocrx_word' id='word_1_173' title='bbox 232 3125 322 3190; x_wconf 82' lang='lat'>1476</span> <span class='ocrx_word' id='word_1_174' title='bbox 339 3123 523 3210; x_wconf 77' lang='lat' dir='ltr'>Antverpiae</span> <span class='ocrx_word' id='word_1_175' title='bbox 535 3124 608 3188; x_wconf 85' lang='lat' dir='ltr'>artis</span> <span class='ocrx_word' id='word_1_176' title='bbox 619 3121 855 3211; x_wconf 78' lang='lat' dir='ltr'>typographicae</span> <span class='ocrx_word' id='word_1_177' title='bbox 866 3122 1017 3188; x_wconf 88' lang='lat' dir='ltr'>officinam</span> <span class='ocrx_word' id='word_1_178' title='bbox 1029 3123 1192 3201; x_wconf 77' lang='lat' dir='ltr'>exstitisse,</span> <span class='ocrx_word' id='word_1_179' title='bbox 1203 3123 1284 3208; x_wconf 91' lang='lat' dir='ltr'>quod</span> 
     </span>
     <span class='ocr_line' id='line_1_23' title="bbox 146 3219 1286 3327; baseline 0.004 -27"><span class='ocrx_word' id='word_1_180' title='bbox 146 3236 256 3302; x_wconf 86' lang='lat' dir='ltr'>iterum</span> <span class='ocrx_word' id='word_1_181' title='bbox 275 3238 384 3306; x_wconf 81' lang='lat' dir='ltr'>falsum</span> <span class='ocrx_word' id='word_1_182' title='bbox 404 3263 468 3306; x_wconf 86' lang='lat' dir='ltr'>esse</span> <span class='ocrx_word' id='word_1_183' title='bbox 489 3240 643 3327; x_wconf 79' lang='lat' dir='ltr'>apparuit3</span> <span class='ocrx_word' id='word_1_184' title='bbox 662 3241 744 3306; x_wconf 89' lang='lat' dir='ltr'>uude</span> <span class='ocrx_word' id='word_1_185' title='bbox 762 3219 891 3306; x_wconf 82' lang='lat' dir='ltr'>efficitur</span> <span class='ocrx_word' id='word_1_186' title='bbox 910 3239 1059 3306; x_wconf 84' lang='lat' dir='ltr'>Mathiam</span> <span class='ocrx_word' id='word_1_187' title='bbox 1070 3263 1129 3306; x_wconf 84' lang='lat' dir='ltr'>van</span> <span class='ocrx_word' id='word_1_188' title='bbox 1140 3239 1194 3305; x_wconf 85' lang='lat' dir='ltr'>der</span> <span class='ocrx_word' id='word_1_189' title='bbox 1205 3239 1286 3305; x_wconf 86' lang='lat' dir='ltr'>Goes</span> 
     </span>
     <span class='ocr_line' id='line_1_24' title="bbox 148 3355 1285 3446; baseline 0.002 -24"><span class='ocrx_word' id='word_1_190' title='bbox 148 3355 277 3443; x_wconf 87' lang='lat' dir='ltr'>primum</span> <span class='ocrx_word' id='word_1_191' title='bbox 293 3357 386 3424; x_wconf 81' lang='lat' dir='ltr'>brisso</span> <span class='ocrx_word' id='word_1_192' title='bbox 402 3359 585 3445; x_wconf 80' lang='lat' dir='ltr'>Antverpiae</span> <span class='ocrx_word' id='word_1_193' title='bbox 604 3356 840 3446; x_wconf 69' lang='lat' dir='ltr'>typographum</span> <span class='ocrx_word' id='word_1_194' title='bbox 860 3358 1053 3446; x_wconf 90' lang='lat' dir='ltr'>quamobrem</span> <span class='ocrx_word' id='word_1_195' title='bbox 1072 3361 1106 3425; x_wconf 92' lang='lat' dir='ltr'>in</span> <span class='ocrx_word' id='word_1_196' title='bbox 1122 3357 1180 3424; x_wconf 87' lang='lat' dir='ltr'>hoe</span> <span class='ocrx_word' id='word_1_197' title='bbox 1195 3358 1285 3424; x_wconf 83' lang='lat' dir='ltr'>Oeta·</span> 
     </span>
     <span class='ocr_line' id='line_1_25' title="bbox 145 3471 1063 3567; baseline 0.005 -28"><span class='ocrx_word' id='word_1_198' title='bbox 145 3471 216 3561; x_wconf 79' lang='lat' dir='ltr'>lngo</span> <span class='ocrx_word' id='word_1_199' title='bbox 234 3476 431 3562; x_wconf 80' lang='lat' dir='ltr'>Antverpiam</span> <span class='ocrx_word' id='word_1_200' title='bbox 454 3477 565 3564; x_wconf 92' lang='lat' dir='ltr'>oppido</span> <span class='ocrx_word' id='word_1_201' title='bbox 585 3477 745 3544; x_wconf 87' lang='lat' dir='ltr'>Hasseleto</span> <span class='ocrx_word' id='word_1_202' title='bbox 763 3480 903 3567; x_wconf 84' lang='lat' dir='ltr'>postponi</span> <span class='ocrx_word' id='word_1_203' title='bbox 922 3479 1063 3567; x_wconf 82' lang='lat' dir='ltr'>oportuit</span> 
     </span>
    </p>

    <p class='ocr_par' dir='ltr' id='par_1_4' title="bbox 149 3593 1288 4042">
     <span class='ocr_line' id='line_1_26' title="bbox 196 3593 1287 3687; baseline 0.002 -28"><span class='ocrx_word' id='word_1_204' title='bbox 196 3593 236 3658; x_wconf 88' lang='lat' dir='ltr'>In</span> <span class='ocrx_word' id='word_1_205' title='bbox 255 3595 350 3662; x_wconf 86' lang='lat' dir='ltr'>ultera</span> <span class='ocrx_word' id='word_1_206' title='bbox 371 3602 469 3684; x_wconf 83' lang='lat' dir='ltr'>parte,</span> <span class='ocrx_word' id='word_1_207' title='bbox 487 3596 580 3664; x_wconf 86' lang='lat' dir='ltr'>libros</span> <span class='ocrx_word' id='word_1_208' title='bbox 599 3599 766 3666; x_wconf 85' lang='lat' dir='ltr'>continenti</span> <span class='ocrx_word' id='word_1_209' title='bbox 779 3606 864 3666; x_wconf 85' lang='lat' dir='ltr'>extra</span> <span class='ocrx_word' id='word_1_210' title='bbox 874 3599 1018 3687; x_wconf 87' lang='lat' dir='ltr'>Belgium</span> <span class='ocrx_word' id='word_1_211' title='bbox 1029 3599 1200 3686; x_wconf 83' lang='lat' dir='ltr'>impressos,</span> <span class='ocrx_word' id='word_1_212' title='bbox 1211 3617 1287 3684; x_wconf 91' lang='lat' dir='ltr'>quo·</span> 
     </span>
     <span class='ocr_line' id='line_1_27' title="bbox 149 3713 1286 3799; baseline 0.001 -22"><span class='ocrx_word' id='word_1_213' title='bbox 149 3733 218 3778; x_wconf 86' lang='lat' dir='ltr'>rum</span> <span class='ocrx_word' id='word_1_214' title='bbox 247 3713 343 3799; x_wconf 87' lang='lat' dir='ltr'>major</span> <span class='ocrx_word' id='word_1_215' title='bbox 366 3737 509 3781; x_wconf 87' lang='lat' dir='ltr'>numerus</span> <span class='ocrx_word' id='word_1_216' title='bbox 529 3716 691 3782; x_wconf 77' lang='lat' dir='ltr'>admodum</span> <span class='ocrx_word' id='word_1_217' title='bbox 713 3723 804 3783; x_wconf 91' lang='lat' dir='ltr'>notus</span> <span class='ocrx_word' id='word_1_218' title='bbox 828 3722 889 3797; x_wconf 82' lang='lat' dir='ltr'>eet,</span> <span class='ocrx_word' id='word_1_219' title='bbox 904 3719 978 3783; x_wconf 86' lang='lat' dir='ltr'>satis</span> <span class='ocrx_word' id='word_1_220' title='bbox 1001 3739 1066 3783; x_wconf 89' lang='lat' dir='ltr'>esse</span> <span class='ocrx_word' id='word_1_221' title='bbox 1084 3715 1160 3781; x_wconf 87' lang='lat' dir='ltr'>duxi</span> <span class='ocrx_word' id='word_1_222' title='bbox 1179 3715 1206 3780; x_wconf 88' lang='lat' dir='ltr'>si</span> <span class='ocrx_word' id='word_1_223' title='bbox 1222 3715 1286 3779; x_wconf 89' lang='lat' dir='ltr'>sin-</span> 
     </span>
     <span class='ocr_line' id='line_1_28' title="bbox 152 3830 1287 3916; baseline 0 -20"><span class='ocrx_word' id='word_1_224' title='bbox 152 3830 294 3916; x_wconf 81' lang='lat' dir='ltr'>gulorum</span> <span class='ocrx_word' id='word_1_225' title='bbox 320 3832 426 3899; x_wconf 88' lang='lat' dir='ltr'>titulos</span> <span class='ocrx_word' id='word_1_226' title='bbox 457 3833 587 3902; x_wconf 78' lang='lat' dir='ltr'>breviter</span> <span class='ocrx_word' id='word_1_227' title='bbox 613 3839 644 3900; x_wconf 88' lang='lat' dir='ltr'>et</span> <span class='ocrx_word' id='word_1_228' title='bbox 667 3841 804 3902; x_wconf 84' lang='lat' dir='ltr'>accurate</span> <span class='ocrx_word' id='word_1_229' title='bbox 826 3837 978 3913; x_wconf 85' lang='lat' dir='ltr'>referrem,</span> <span class='ocrx_word' id='word_1_230' title='bbox 1002 3835 1129 3900; x_wconf 84' lang='lat' dir='ltr'>aliorum</span> <span class='ocrx_word' id='word_1_231' title='bbox 1147 3833 1287 3898; x_wconf 88' lang='lat' dir='ltr'>indicans</span> 
     </span>
     <span class='ocr_line' id='line_1_29' title="bbox 151 3948 1288 4042; baseline 0.004 -28"><span class='ocrx_word' id='word_1_232' title='bbox 151 3948 429 4037; x_wconf 80' lang='lat' dir='ltr'>bibliographorum</span> <span class='ocrx_word' id='word_1_233' title='bbox 448 3975 548 4041; x_wconf 89' lang='lat' dir='ltr'>opera,</span> <span class='ocrx_word' id='word_1_234' title='bbox 563 3955 596 4019; x_wconf 93' lang='lat' dir='ltr'>in</span> <span class='ocrx_word' id='word_1_235' title='bbox 615 3953 725 4041; x_wconf 91' lang='lat' dir='ltr'>quibus</span> <span class='ocrx_word' id='word_1_236' title='bbox 746 3955 865 4042; x_wconf 88' lang='lat' dir='ltr'>plenius</span> <span class='ocrx_word' id='word_1_237' title='bbox 879 3955 1022 4042; x_wconf 89' lang='lat' dir='ltr'>descripti</span> <span class='ocrx_word' id='word_1_238' title='bbox 1035 3961 1141 4021; x_wconf 83' lang='lat' dir='ltr'>essent</span> <span class='ocrx_word' id='word_1_239' title='bbox 1165 3955 1288 4039; x_wconf 83' lang='lat' dir='ltr'>Siquos</span> 
     </span>
    </p>
   </div>
   <div class='ocr_carea' id='block_1_3' title="bbox 151 4069 1403 4162">
    <p class='ocr_par' dir='ltr' id='par_1_5' title="bbox 151 4069 1403 4162">
     <span class='ocr_line' id='line_1_30' title="bbox 151 4069 1403 4162; baseline 0.003 -28"><span class='ocrx_word' id='word_1_240' title='bbox 151 4069 264 4134; x_wconf 89' lang='lat' dir='ltr'>nullibi</span> <span class='ocrx_word' id='word_1_241' title='bbox 284 4075 463 4138; x_wconf 86' lang='lat' dir='ltr'>memoratos</span> <span class='ocrx_word' id='word_1_242' title='bbox 481 4073 598 4150; x_wconf 87' lang='lat' dir='ltr'>iuveni,</span> <span class='ocrx_word' id='word_1_243' title='bbox 622 4095 722 4138; x_wconf 89' lang='lat' dir='ltr'>eorum</span> <span class='ocrx_word' id='word_1_244' title='bbox 736 4073 840 4140; x_wconf 87' lang='lat' dir='ltr'>titulos</span> <span class='ocrx_word' id='word_1_245' title='bbox 856 4075 958 4140; x_wconf 90' lang='lat' dir='ltr'>eadem</span> <span class='ocrx_word' id='word_1_246' title='bbox 971 4075 1131 4162; x_wconf 87' lang='lat' dir='ltr'>diligentia</span> <span class='ocrx_word' id='word_1_247' title='bbox 1142 4073 1287 4161; x_wconf 71' lang='lat' dir='ltr'>descripsi</span> <span class='ocrx_word' id='word_1_248' title='bbox 1398 4138 1403 4154; x_wconf 43' lang='grc' dir='ltr'><em>Ι</em></span> 
     </span>
    </p>
   </div>
   <div class='ocr_carea' id='block_1_4' title="bbox 154 4185 412 4272">
    <p class='ocr_par' dir='ltr' id='par_1_6' title="bbox 154 4185 412 4272">
     <span class='ocr_line' id='line_1_31' title="bbox 154 4185 412 4272; baseline 0.008 -20"><span class='ocrx_word' id='word_1_249' title='bbox 154 4207 188 4252; x_wconf 83' lang='lat' dir='ltr'>sc</span> <span class='ocrx_word' id='word_1_250' title='bbox 208 4185 412 4272; x_wconf 80' lang='lat' dir='ltr'>Belgicorum</span> 
     </span>
    </p>
   </div>
   <div class='ocr_carea' id='block_1_5' title="bbox 0 0 1600 5166">
    <p class='ocr_par' dir='ltr' id='par_1_7' title="bbox 0 0 1600 5166">
     <span class='ocr_line' id='line_1_32' title="bbox 0 0 1600 5166; baseline 0 0"><span class='ocrx_word' id='word_1_251' title='bbox 0 0 1600 5166; x_wconf 95' lang='lat' dir='ltr'> </span> 
     </span>
    </p>
   </div>
  </div>
 </body>
</html>
