3184 5166
304 475 362 518 l'lll

304 632 451 712 rationis,
474 633 609 722 ejusdem
623 631 694 697 libri
710 653 771 710 una
783 629 879 696 editio
890 629 1017 718 Belgica
1027 631 1147 718 integra
1158 636 1188 696 et
1200 630 1337 712 ulterius,
1349 634 1439 700 etiam

303 749 446 838 Belgicae
458 751 944 838 editionis,fragnrentum,quem
952 749 1065 816 librum
1077 750 1190 816 erius
1198 751 1289 816 refert
1301 751 1439 818 Harlemi

303 871 384 958 typis
400 871 579 958 impressum
599 893 663 936 esse
680 892 697 934 a
715 868 752 934 L.
772 869 897 936 (lostero
913 867 986 936 Jani
1010 869 1088 948 filio,
1111 874 1181 936 ante
1205 893 1317 936 aunum
1341 875 1439 936 1440.

267 1023 269 1028 ·
351 988 438 1054 Haeo
468 989 560 1068 certe,
579 994 615 1054 ut
637 987 713 1054 mihi
736 1010 911 1076 persuasum
930 992 989 1067 est,
1013 988 1194 1055 documenta
1209 996 1281 1056 suut
1295 991 1440 1056 librorum

248 1107 254 1117 '
303 1107 356 1194 qui
373 1129 411 1172 cx
430 1107 521 1194 prelis
542 1107 737 1174 Hollaudicis
752 1108 843 1195 primi
855 1106 1039 1196 prodierimt
1064 1107 1219 1196 Typorum
1236 1110 1317 1174 enim
1328 1110 1441 1174 formae

303 1249 321 1292 a
340 1227 465 1312 reliquis
489 1226 624 1298 diversae
648 1230 720 1292 sunt
740 1225 896 1304 omnibus,
912 1225 1022 1312 quibus
1037 1225 1157 1292 soeculo
1169 1225 1248 1290 XV⁰
1259 1224 1440 1314 typographi

302 1346 350 1412 nsi
373 1351 457 1425 sunu
479 1347 617 1432 quamvis
641 1344 673 1411 hi
695 1347 761 1434 typi
786 1369 849 1411 non
873 1367 977 1412 omues
1001 1351 1074 1410 sunt
1100 1343 1312 1432 magnitudine
1340 1367 1441 1434 pares,

303 1465 437 1551 ejusdem
456 1471 558 1532 tamen
582 1471 654 1530 suut
676 1465 790 1530 formae
818 1465 986 1552 similisque
1006 1465 1137 1552 figurae,
1162 1465 1322 1552 praecipue
1341 1470 1440 1530 sutem

303 1581 341 1648 ab
365 1582 434 1648 aliis
454 1583 685 1671 distinguuntur
706 1583 811 1648 literae
826 1589 841 1648 t
860 1582 961 1648 finalis
982 1582 1083 1670 specie
1099 1582 1249 1670 singulari
1267 1583 1353 1670 (fl),
1364 1605 1439 1668 quac

303 1701 391 1772 litera
413 1701 486 1766 item
512 1701 667 1767 invenitur
693 1703 726 1766 iu
751 1699 881 1789 Speculo
902 1699 1043 1787 Belgico,
1063 1701 1116 1788 qui
1137 1700 1229 1780 liber,
1245 1709 1280 1766 ut
1296 1701 1439 1766 sermonis

303 1819 475 1887 idiotismus
494 1819 622 1898 iudicat,
637 1820 671 1884 in
696 1819 863 1886 Hellandia
877 1820 1042 1907 impressus
1061 1824 1114 1886 est.
1151 1820 1243 1885 Hanc
1267 1842 1337 1902 vero
1356 1819 1440 1884 simi-

303 1935 465 2002 litudinem
481 1961 544 2002 non
555 1937 690 2003 referunt
705 1938 821 2003 Donati
833 1938 1002 2024 fragmenta
1013 1937 1069 2003 sub
1082 1934 1130 2002 ult
1145 1941 1185 2004 11
1201 1943 1231 2004 et
1244 1941 1439 2014 sto-576,

303 2075 402 2140 neque
433 2055 526 2120 etiam
557 2055 737 2142 opusculum
759 2055 910 2122 Ludorici
933 2056 971 2121 de
996 2055 1106 2135 Roma,
1132 2068 1175 2122 u⁰.
1202 2059 1261 2134 13,
1285 2064 1319 2121 ut
1338 2056 1440 2122 videre

304 2174 377 2242 licet
400 2176 434 2239 iu
451 2176 579 2264 ectypis,
599 2176 763 2263 aKouing
785 2175 876 2242 editis
896 2177 931 2242 in
952 2176 1171 2242 Dissertatione
1188 2173 1225 2240 de
1237 2174 1353 2260 origiue
1366 2173 1440 2238 artis

305 2292 540 2382 typographicae
560 2293 613 2381 ἦ),
636 2293 754 2359 Tabula
774 2293 839 2376 VI,
861 2299 892 2359 et
914 2294 995 2382 apud
1018 2293 1137 2359 Wetter
1159 2295 1192 2358 iu
1212 2293 1277 2379 ejus
1302 2291 1441 2358 Historia

304 2412 410 2478 critica
430 2414 479 2498 t),
499 2411 617 2477 'Pabula
635 2411 731 2478 XIII.
753 2416 782 2478 3.
814 2412 1024 2478 Nihilominus
1042 2435 1135 2498 quum
1153 2413 1187 2476 iu
1204 2411 1441 2499 locupletissima
1573 2452 1576 2466 ·

304 2529 485 2598 bibliotheca
505 2529 717 2598 Enschediana
732 2532 883 2621 exemplar
895 2539 1030 2598 servetur
1042 2532 1177 2618 ejusdem
1189 2531 1330 2598 editionis
1342 2533 1441 2620 operia

303 2649 454 2716 Ludovici
469 2649 508 2716 de
523 2651 637 2730 Roma,
650 2653 737 2740 cujus
749 2653 928 2742 exemplaris
939 2675 1035 2718 unum
1046 2652 1186 2738 idemque
1198 2651 1306 2716 folium
1317 2651 1438 2715 initium

303 2770 440 2836 continet
463 2768 541 2834 alius
560 2771 673 2858 operis,
692 2772 829 2862 impressi
854 2771 922 2838 aliis
942 2771 1065 2858 quidem
1076 2771 1173 2858 typis,
1186 2769 1239 2834 sed
1251 2769 1303 2854 qui
1315 2768 1439 2834 omnino

303 2911 389 2978 pares
417 2893 488 2954 suut
516 2889 623 2956 ceteris
653 2891 735 2978 typis
764 2891 975 2970 Hollaudiois‚
1005 2889 1087 2954 haud
1115 2887 1241 2955 dubium
1272 2885 1348 2952 mihi
1373 2909 1439 2953 esse

283 2999 440 3102 'videtum
459 3003 552 3071 libros
575 3007 646 3073 illos
666 3031 770 3076 omues
794 3009 831 3076 ab
854 3010 964 3076 iisdem
987 3007 1134 3096 prodiisse
1156 3005 1249 3094 prelis
1268 3005 1438 3094 etquidem

303 3123 463 3192 Laurentii
494 3125 612 3194 Oosteri
642 3126 717 3194 Jaui
741 3129 799 3194 filii
831 3135 984 3194 eteorum
1007 3127 1061 3212 qui
1087 3127 1120 3190 iu
1143 3124 1216 3190 urbe
1242 3124 1388 3192 Harlemo
1411 3129 1438 3192 ei

304 3237 536 3307 successerunt'

352 3359 439 3425 Haec
457 3361 530 3426 artis
554 3363 791 3452 typographicae
809 3371 1003 3428 monumenta
1023 3359 1236 3426 Harlemenria
1255 3383 1315 3448 quo
1334 3362 1439 3427 ordine

303 3477 444 3568 ponenda
475 3479 553 3560 siut,
571 3503 628 3572 pro
653 3489 733 3550 certo
758 3487 887 3550 statuere
907 3480 1080 3548 detrectavi.
1110 3478 1201 3551 Quod
1229 3482 1283 3567 qui
1301 3481 1386 3560 fecit,
1406 3483 1438 3546 iu

305 3599 527 3668 Dissertatioue
551 3623 642 3688 supra
660 3601 796 3681 laudata,
821 3599 852 3666 J.
878 3599 1021 3688 Kouiug,
1043 3601 1152 3666 merito
1164 3601 1391 3700 reprehenditur
1402 3603 1440 3668 ab

342 3843 364 3914 ⁶)
390 3843 416 3894 J.
436 3843 555 3915 Kordaq,
582 3841 768 3916 Verlrandeiiap
785 3863 844 3896 ouer
863 3844 912 3896 den
929 3863 1077 3918 oorspronp‚
1093 3863 1148 3898 ear.
1167 3847 1212 3898 der
1232 3845 1439 3902 corraeorum.

304 3927 444 3990 Hecatom,
470 3927 543 3979 1816.
562 3926 587 3977 in
606 3925 643 3978 θ’.

339 4011 366 4082 §)
391 4015 418 4064 J.
445 4009 560 4062 Wettcr's
582 4007 712 4061 Krithote
740 4009 888 4064 Gactfctre
911 4013 956 4064 der
976 4011 1110 4085 Erfiudiuq
1127 4014 1172 4064 der·
1192 4013 1438 4068 Brccirdrucherluort

305 4097 380 4146 durch
407 4093 507 4146 Johcnn
531 4093 672 4164 Guteuberq
693 4113 723 4144 ιιι
744 4095 841 4146 Mein:-
861 4096 966 4159 Maius,
989 4095 1063 4148 1836.
1085 4099 1109 4146 in
1129 4095 1165 4148 8⁰·
