3184 5166
188 1185 228 1246 A.
269 1177 372 1244 Biblia
390 1195 552 1260 pauperum
572 1177 636 1242 aiva
651 1176 781 1260 Figurae
795 1173 914 1257 typicae
932 1173 1043 1239 veteris
1060 1187 1153 1258 atque
1172 1177 1288 1260 antity-

149 1273 235 1356 pioae
255 1277 326 1335 novi
346 1273 541 1364 Testamenti.
558 1271 590 1332 S.
604 1273 625 1332 1.
643 1293 673 1332 ιι.
685 1273 783 1334 t.&a.
802 1275 841 1331 20
850 1271 923 1331 folia
933 1271 1151 1351 conglutinata,
1163 1274 1202 1331 88
1212 1274 1290 1354 fign-

148 1383 200 1430 me
221 1365 416 1430 oentinentia.
437 1367 470 1425 in
484 1367 511 1426 F
513 1377 535 1425 ⁰.

258 1484 396 1557 Exemplar
414 1481 632 1555 pulcherrimum,
649 1481 694 1535 sed
712 1485 755 1534 oui
773 1479 838 1534 folia
855 1501 868 1534 s
883 1493 909 1534 et
923 1492 935 1534 t
949 1481 1026 1553 primi
1038 1481 1173 1553 alphabeti
1182 1482 1287 1536 desunt.

291 1573 333 1622 An
353 1569 452 1639 primae
467 1565 627 1618 oenandaeve
645 1567 679 1617 ait
701 1561 823 1618 editionis
840 1577 894 1617 non
914 1564 1008 1637 liquet,
1026 1583 1107 1637 quam
1124 1565 1241 1634 tabulae,
1254 1566 1294 1619 lit-

292 1654 353 1705 teria
373 1672 400 1703 a.
423 1669 448 1702 ο.
466 1669 490 1702 r.
509 1667 530 1702 s.
545 1647 652 1702 secundi
666 1647 799 1720 alphabeti
813 1659 931 1714 notatae,
949 1665 1002 1700 non
1018 1650 1071 1701 aiut
1083 1663 1183 1720 puncto
1199 1653 1292 1703 utrim-

291 1754 342 1808 que
365 1735 489 1806 stipatae,
517 1731 588 1805 qnod
610 1729 752 1785 seeundum
776 1725 909 1786 lleineien
936 1730 1009 1803 (Idea
1024 1733 1085 1802 gain.
1109 1731 1185 1786 d’nne
1203 1732 1293 1786 colleo-

292 1820 347 1870 tion
363 1816 530 1888 d’estampes)
546 1815 672 1868 indiciam
691 1817 759 1870 foret
778 1815 826 1870 hae
849 1815 951 1869 tabulas
965 1817 1064 1887 primae
1079 1831 1134 1870 eaeo
1151 1815 1292 1880 editionia3

290 1921 350 1954 cum
368 1903 396 1952 in
414 1901 520 1953 metaris
540 1898 633 1952 tabulis
654 1899 749 1952 adeunt
765 1901 915 1964 varietates,
928 1917 991 1970 quaa
1004 1897 1049 1952 ille
1061 1899 1111 1952 nisi
1125 1901 1154 1952 in
1166 1899 1291 1972 exemplis

290 1985 419 2038 secundae
437 1984 558 2037 editionis
580 1985 710 2036 invenisse
732 1983 852 2037 affirmat.

186 2171 225 2236 B.
256 2169 395 2234 Historia
414 2171 446 2233 S.
463 2169 611 2234 Johannia
623 2169 835 2254 Euangeliataa
848 2175 974 2254 ejusque
982 2175 1113 2236 visiones
1123 2175 1289 2253 apocalyp-

147 2266 234 2329 tioae.
256 2267 288 2326 S.
309 2268 331 2326 l.
352 2287 382 2325 ιι.
402 2277 425 2326 t.
449 2267 474 2324 ἃ
491 2287 520 2326 a.
540 2267 579 2324 46
601 2266 679 2336 foll..
700 2287 759 2327 non
784 2267 1003 2346 conglutinata,
1024 2269 1063 2326 46
1083 2269 1196 2347 figurae
1214 2287 1288 2328 oon·

149 2359 286 2422 tinentia.
304 2361 336 2419 in
355 2361 406 2420 1¹¹⁰.

253 2479 394 2551 Exemplar
408 2481 506 2552 optima
522 2491 721 2545 conservatum,
742 2477 788 2532 aed
806 2477 874 2531 foliis
893 2497 907 2532 a
932 2490 958 2532 et
974 2497 988 2549 7
1010 2477 1145 2541 mutilum
1165 2477 1290 2548 imagine·

307 2565 383 2616 variis
405 2575 467 2616 aunt
484 2563 569 2635 pictae
585 2561 724 2616 coloribus.
750 2562 925 2616 videturesse
940 2561 1054 2615 secunda
1064 2560 1155 2615 editio.
1174 2561 1215 2614 cf.
1228 2561 1290 2612 Hei·

308 2645 401 2699 nekan.
420 2646 438 2698 l.
457 2645 475 2696 Ι.

186 2833 225 2894 O.
266 2833 404 2896 Donatus
426 2835 462 2894 do
482 2843 550 2896 octo
570 2834 707 2912 partibus
727 2833 881 2894 orationis.
900 2833 933 2894 in
952 2835 997 2892 4⁰.

254 2932 366 3003 [antella
385 2967 541 3021 pergamena
566 2949 686 3002 editionis
716 2948 862 3012 tabellaria,
889 2949 922 3001 at
946 2947 1088 3012 linearum,
1122 2949 1148 2998 in
1178 2945 1287 3019 quadam

289 3032 442 3087 Hollandiae
457 3035 561 3088 officina
582 3035 728 3105 impressae.
